3050 4842
8 4371 13 4648 l

214 352 280 418 36⁰
543 367 759 416 scuwsnzrr
786 367 988 418 sxouusus

215 509 373 558 Beterorom
385 512 545 564 asservetur,
555 508 593 558 sic
608 523 686 558 msnu
697 515 817 560 sorrecis
829 509 966 574 legumus:
983 511 1108 574 eodemque
1123 511 1178 574 leci,
1188 527 1233 575 qno
1245 512 1311 564 Deus

212 589 252 638 ille
263 594 313 638 tum
328 587 468 646 mendesius
478 603 507 637 oc
523 602 636 651 mouns,
645 603 699 638 eum
712 591 795 640 eoelusr
806 603 835 638 ce
844 591 924 640 sidem
935 593 1034 642 insedit.
1066 592 1119 642 Sed
1134 606 1180 641 noe
1193 595 1230 642 uti
1241 595 1311 646 illem

214 667 368 732 Hieronymi
384 669 502 718 Frobenii
515 669 653 720 lectionem
665 671 904 733 surreptionum,
917 671 938 720 si
950 671 1072 736 quiscum
1085 670 1207 735 proeferut
1217 682 1313 723 uostrre

214 747 393 810 conjectores:
412 748 450 799 ita
466 764 500 798 ex
516 749 626 802 aduerso
645 750 768 802 Vossieui
788 751 847 804 libri
860 751 1014 802 seriemtem
1034 753 1241 816 pretereundum
1256 765 1315 804 esse

214 841 357 878 censemus.
391 829 566 893 InCcpitolie
575 837 661 880 eutem
674 829 772 880 facturn
783 845 842 880 esse
854 831 1022 896 sdoptiouem
1030 831 1147 896 adeoque
1158 834 1313 883 electionem

214 908 332 973 Trrjsui‚
343 909 493 974 xiphilinus
505 911 575 960 inter
585 925 666 976 opere
683 911 775 961 Dionis
786 911 877 967 cassin
894 912 940 964 lib.
952 925 1054 963 uxrem.
1065 927 1123 978 pse.
1133 917 1192 962 llo.
1200 925 1313 964 eommo-

215 993 308 1040 moret.

637 1180 825 1232 EXCURSUS
846 1181 883 1230 11.

248 1339 316 1389 Gne.
328 1353 359 1390 rr.
372 1346 396 1390 6.
415 1339 583 1404 intelligamus
601 1357 657 1404 ergo
675 1343 735 1392 lone
746 1350 838 1400 nostro,
855 1345 986 1409 dignosque
995 1359 1038 1392 nos
1052 1343 1117 1393 illius
1129 1358 1173 1394 essu
1182 1344 1315 1406 probemus,

213 1425 284 1483 elque
295 1421 423 1469 identidem
435 1421 573 1486 cogitemus,
585 1423 607 1469 si
625 1423 701 1482 mulus
717 1424 866 1488 principibus
883 1430 1019 1487 prosternere
1034 1424 1178 1486 obsequium,
1188 1425 1229 1488 poi
1239 1426 1315 1476 seroi-

215 1506 266 1550 lulc
276 1501 372 1565 oinium,
381 1517 451 1566 puorn
460 1504 501 1565 pul
511 1503 620 1552 lileslote
639 1506 759 1552 letentur.
791 1505 941 1553 Pronomeu
951 1505 1017 1553 illins
1027 1503 1134 1553 hebent·
1143 1519 1242 1568 omnes,
1252 1519 1316 1568 quos

215 1583 354 1631 consulere
377 1583 450 1632 nobis
470 1582 554 1644 licuit,
573 1582 678 1632 codices
697 1583 761 1633 Mes.
778 1583 874 1632 hubent
892 1591 920 1634 et
937 1598 1027 1634 omnes
1038 1583 1094 1632 fere
1105 1583 1165 1633 libri
1177 1583 1315 1648 impressi;

214 1661 263 1710 nisi
275 1661 342 1726 quod
354 1663 457 1725 Lipsius
469 1663 551 1724 primo
563 1661 667 1726 qrrldem
679 1663 759 1711 trudit
771 1677 846 1724 posse
856 1661 950 1713 referri
963 1664 994 1712 cd
1005 1663 1163 1726 'l'rejsnum3
1181 1670 1209 1712 st
1219 1663 1314 1714 deinde

214 1741 272 1790 lrsec
289 1742 367 1790 rerba
379 1741 501 1805 subjicit:
520 1739 588 1792 ‘Sed
603 1743 704 1804 melius,
714 1743 782 1807 quod
795 1744 854 1794 ollru
869 1757 936 1808 ego:
954 1744 1004 1792 illis
1019 1759 1072 1793 nse.
1104 1743 1185 1792 Bonis
1196 1743 1248 1793 illis
1267 1759 1315 1795 nos

215 1819 306 1884 dignos
330 1822 480 1887 probemus,
510 1823 617 1875 utendo.
658 1825 780 1874 Libertus
805 1832 834 1874 et
855 1825 952 1874 veritus
975 1824 1122 1873 redierunt?
1146 1824 1317 1888 rreurpemus.’

216 1902 301 1952 (luem
314 1902 523 1952 emendationem
536 1903 659 1968 probavit
669 1905 851 1969 Gruterus,its
863 1913 961 1967 tumen,
973 1912 1003 1954 ut
1015 1919 1071 1954 esur
1082 1904 1195 1952 noudum
1208 1919 1316 1968 recepe·

216 1982 252 2031 rit
262 1982 288 2030 iu
301 1989 452 2032 contextum
467 1984 602 2034 orationis.
634 1984 670 2034 m
687 1999 811 2048 recepere
826 1985 885 2037 luc.
894 1985 928 2034 de
942 1986 966 2034 lu
978 1985 1078 2041 Beroe,
1091 1985 1191 2047 Gallus,
1209 1993 1238 2034 et
1250 1985 1316 2033 Lun-

216 2062 314 2111 reutius
324 2063 445 2126 Pstsrol,
463 2063 597 2126 Venetus;
611 2072 640 2114 et
656 2079 725 2126 nouo
735 2065 769 2114 V.
779 2066 809 2115 C.
817 2067 962 2128 liceretne,
973 2066 999 2114 in
1011 2073 1121 2129 utreque
1133 2065 1256 2114 editione.
1275 2064 1316 2114 Ae

216 2155 289 2204 esne,
300 2142 322 2190 sl
335 2143 373 2191 its
385 2145 464 2191 rerbr'r
477 2145 554 2192 e‘xt'ru
566 2152 721 2193 contextum
732 2153 847 2206 spectes,
859 2147 915 2193 lraec
933 2146 1062 2194 correctio
1077 2143 1233 2192 sententium
1245 2141 1317 2193 sidc-

216 2229 260 2270 tur
270 2221 380 2271 reddere
392 2221 544 2285 planiorem.
578 2223 603 2271 N
607 2223 650 2272 ilrll
663 2232 749 2272 tumen
764 2224 915 2273 mutandum
927 2239 1059 2273 censemus
1077 2232 1167 2273 contre
1177 2225 1319 2277 succorum

216 2315 270 2352 tem
281 2307 398 2352 sclerum
417 2301 540 2350 librorum
559 2303 682 2352 omniurn.
716 2303 864 2352 Pronomcn
881 2303 949 2352 euim
960 2303 1027 2352 illies
1043 2301 1209 2353 referendum
1225 2311 1266 2352 est
1283 2304 1320 2352 ed

216 2382 358 2446 Trujsnum
370 2381 571 2444 impensiorem,
582 2381 616 2430 de
628 2397 678 2446 quo
689 2383 788 2432 mentio
805 2381 876 2436 secte
888 2390 928 2432 est
945 2384 970 2432 iu
982 2384 1069 2434 serbis
1082 2386 1200 2447 proxime
1211 2393 1321 2432 euteeee

217 2462 351 2513 dentibus.
370 2489 372 2494 ·
384 2463 482 2514 Quidni
496 2478 559 2512 vero
571 2465 637 2516 bene
651 2465 733 2528 possit
744 2464 806 2528 dici,
821 2479 866 2514 usn
880 2464 1005 2528 prebemus
1014 2480 1056 2514 nos
1066 2466 1153 2528 dignos
1163 2463 1230 2514 illius
1239 2463 1320 2528 (psin-

216 2542 306 2608 eips's).·
321 2543 347 2591 lr.
359 2559 382 2594 c.
394 2551 550 2607 prememus
560 2544 778 2608 ostendemusque
790 2559 836 2596 uos
846 2544 940 2608 dignos
951 2544 1094 2608 Principis,
1105 2543 1126 2592 si
1138 2558 1196 2592 eum
1208 2558 1239 2593 eo
1252 2544 1321 2593 beno

217 2632 341 2689 recteque
357 2626 483 2681 vivemus.
496 2632 533 2682 et,
545 2627 565 2674 si
579 2639 642 2688 erga
654 2639 712 2674 eum
724 2640 781 2687 noe,
793 2640 841 2690 pro
853 2640 885 2674 eo
902 2640 933 2674 sc
944 2626 1033 2688 decet,
1049 2639 1179 2688 geremus,
1191 2625 1320 2690 ejusdemc

217 2721 268 2769 que
279 2707 387 2770 imperio
398 2705 580 2770 obsequemur.
613 2705 778 2755 Vocabulum
788 2707 855 2755 euim
867 2721 933 2766 uses,
944 2705 1011 2754 haud
1022 2717 1108 2765 secus,
1119 2718 1150 2752 ee
1166 2703 1321 2756 oraecorun

216 2788 314 2848 χρῆσις,
325 2785 363 2834 sic
375 2785 514 2849 sliqusndo
532 2793 603 2834 recte
615 2786 783 2848 explicetur:
800 2800 827 2834 r.
838 2800 865 2847 g.
879 2784 948 2846 apud
966 2783 1078 2832 Plinium
1098 2782 1166 2832 infru
1179 2791 1280 2836 nxxtx.
1291 2787 1317 2833 2.

217 2865 405 2916 ‘Tolerabilius
416 2864 476 2925 suit,
484 2863 691 2930 experimentum
702 2865 739 2913 tui
749 2863 915 2928 uolsinqusm
923 2877 997 2914 usum
1007 2862 1115 2926 negari?
1132 2864 1167 2912 Et
1176 2875 1317 2914 umus.

218 2949 244 2994 8.
260 2944 416 2994 ‘Neminem
429 2942 455 2990 iri
467 2958 514 2992 usu
533 2942 622 3005 lrabes,
637 2943 687 2993 uisi
705 2951 750 2993 urst
766 2942 824 3004 tibi,
835 2951 880 2993 urrt
892 2943 961 3006 petri
973 2949 1028 2999 tuo,
1043 2951 1089 2992 sut
1108 2944 1207 3006 optimo
1225 2939 1320 3008 cuique

218 3025 367 3090 principum
379 3022 523 3073 dilectum!
555 3022 607 3072 Sed
620 3023 728 3073 nominis
739 3023 815 3087 hujus
827 3023 898 3072 notio
908 3023 1004 3072 olerius
1015 3030 1090 3087 putet
1101 3037 1134 3072 ex
1148 3024 1239 3089 uerbo,
1248 3023 1318 3088 sputi

219 3107 314 3156 floret.
326 3120 347 3154 r.
366 3105 451 3168 Epist.
462 3108 502 3154 ll.
512 3107 537 3152 1.
554 3104 708 3167 ‘Clusmim
717 3104 818 3162 Scseve,
835 3103 900 3154 sutis
913 3117 959 3167 per
972 3111 998 3153 te
1017 3104 1066 3153 tibl
1081 3105 1206 3164 consulis,
1216 3112 1244 3154 et
1257 3105 1320 3160 seire¹

219 3189 278 3239 Quo
292 3186 397 3236 tandem
410 3193 488 3247 pecto
502 3184 597 3234 decess
613 3185 755 3249 nrsjorilsus
770 3184 827 3240 uti,¹
842 3185 893 3234 liro.
927 3182 968 3233 Au
987 3199 1046 3248 quse
1066 3183 1146 3233 serbe
1164 3183 1230 3233 berse
1248 3197 1321 3234 soros

220 3274 351 3316 mentstnr
364 3265 525 3315 Lembinus:
544 3266 568 3294 ¹⁴
578 3265 725 3329 ldeJoribus
739 3263 797 3326 uti‚’
814 3265 832 3315 i.
842 3278 866 3313 e.
875 3278 939 3327 erge
949 3257 1060 3327 majores
1072 3278 1100 3313 se
1113 3278 1223 3326 gerere3
1240 3265 1320 3325 nosti,

220 3361 273 3411 qno
291 3353 370 3409 poeto
381 3346 492 3409 mejurcs
506 3354 533 3394 st
551 3345 712 3408 potentiores
733 3344 863 3394 tractandi
874 3345 939 3396 siut.
972 3345 1016 3396 Sic
1032 3346 1173 3408 loquuntur
1184 3352 1211 3394 et
1223 3343 1321 3402 Greci,

220 3429 331 3490 χρῆσθαι.
365 3427 549 3490 Epicharmus:
567 3427 648 3486 γνῶθι,
658 3427 706 3473 reis
715 3423 783 3486 timp
795 3424 920 3488 κέχρηται.
947 3425 1154 3488 Cognoscilo,puo
1163 3423 1321 3486 mauseuli-⁴

168 3537 169 3541 =
219 3521 300 3557 versus
319 3507 394 3556 olium
407 3507 517 3566 gesserit.
551 3507 586 3554 El
607 3506 774 3568 Xenopirone
792 3505 831 3554 ἵνα
849 3503 920 3553 καλοί
936 3523 964 3554 τε
985 3502 1025 3553 nul
1040 3503 1263 3566 lpaoolpcslpun,
1279 3503 1320 3552 eei

221 3587 284 3651 slep,
296 3585 335 3635 reni
346 3583 457 3644 οἰκέταις,
473 3583 626 3640 salsissime,
644 3585 683 3633 roi
701 3583 790 3647 φίλοις,
801 3584 840 3636 eei
850 3583 929 3646 siler,
940 3583 980 3632 nel
996 3583 1106 3636 πολίταις
1117 3582 1227 3633 livores·
1243 3586 1322 3634 nuncii

220 3669 333 3732 χρῆσθαι.
368 3667 402 3716 Ul
410 3666 460 3716 ciri
471 3665 525 3715 loiri
534 3672 605 3728 utque
615 3665 708 3716 honesti
723 3665 815 3728 effecti,
827 3671 851 3714 et
861 3679 904 3714 suo
914 3667 992 3725 domo,
1003 3670 1027 3714 et
1044 3665 1128 3720 seruis,
1139 3669 1163 3714 el
1173 3665 1322 3727 propinquis,-

220 3755 245 3799 et
254 3749 379 3809 cmieinel
389 3747 495 3805 ciuitate,
504 3751 526 3795 ct
536 3745 627 3796 clulius
636 3746 691 3796 iens
699 3745 736 3794 uli
745 3745 859 3808 possent!
893 3745 936 3794 Sic
947 3753 974 3794 et
985 3746 1033 3794 lenc
1047 3745 1173 3809 pertinet,
1182 3745 1252 3810 quod
1264 3745 1320 3794 Hc·

220 3830 303 3880 ratim
318 3829 344 3878 in
362 3827 454 3878 eedem
466 3827 597 3890 Eplstols,
606 3842 643 3876 vs.
657 3832 697 3876 lu.
708 3834 735 3877 et
745 3830 785 3876 14.
804 3825 914 3876 resiluit:
933 3826 977 3874 ‘sl
996 3825 1138 3889 prenderet
1149 3827 1206 3876 olus
1217 3825 1322 3889 petiens⁴

124 3961 127 3967 Α
173 3899 176 3904 ’
220 3906 718 3972 ter,regibusutiNolletArlstippnsr
748 3907 769 3955 ri
781 3907 862 3956 sciret
872 3905 1032 3969 regibueuti,
1043 3905 1188 3958 Fastidiret
1198 3905 1264 3962 olus,
1275 3903 1321 3969 qul

219 4005 263 4040 me
278 3990 386 4040 notet.’·
404 3988 456 4040 Ubi
478 3987 613 4051 Diogenes
635 3988 762 4042 hirtius,
773 4001 833 4036 cnm
851 3987 903 4037 ists
920 3986 1010 4036 retulit
1028 3986 1063 4034 do
1074 3984 1221 4048 Aristippo,
1237 3985 1321 4034 dlxitt

223 4072 314 4132 ὁμιλεῖν
324 4068 497 4133 lrtpdecnnol
507 4066 638 4132 τυράννοις.
660 4067 800 4130 Adjectnm
813 4081 874 4116 sero
887 4067 984 4129 dignus,
994 4066 1072 4116 etiem
1084 4065 1154 4130 epod
1166 4067 1230 4138 elius
1241 4065 1322 4114 bouus

222 4151 452 4200 solutseoretlonle
472 4157 591 4198 suctores
603 4147 741 4212 aliqnando
754 4161 813 4196 eum
825 4161 886 4196 essu
905 4147 1030 4209 gignendi
1041 4145 1166 4208 eosrrtrul,
1182 4145 1236 4208 jem
1251 4145 1322 4194 usna

223 4232 291 4295 gine,
303 4230 398 4294 eliiqsre
410 4231 592 4282 obsessurum.v
626 4229 723 4280 Cotem
741 4228 816 4294 hujus
828 4228 879 4280 loci
897 4227 1011 4278 Plinisni
1023 4225 1103 4278 verbs
1113 4227 1141 4276 is
1158 4226 1276 4280 omnibus
1291 4224 1322 4274 li·
