3100 4854
260 359 304 438 ec
530 387 563 433 c.
585 385 708 434 rururr
736 383 886 434 crsururr
911 383 1074 434 sscuuur

260 548 402 594 mecum.
446 528 590 592 Destino
612 529 709 606 enim,
731 529 775 607 (si
793 533 899 591 tamen
921 526 1023 591 officii
1037 526 1122 590 ratio
1142 527 1351 608 permiserit)

261 649 435 695 excurrere
456 628 541 694 isto?
584 628 633 694 At
656 631 719 694 ‘ad
741 647 869 711 paucos
892 629 984 706 dies,'
1006 629 1195 712 subjungit3
1218 633 1349 712 ‘neque

262 731 351 795 enim
366 731 489 794 diutius
511 732 634 795 abesse
657 749 710 794 me
735 731 849 795 sinunt
867 729 984 794 eadem
1004 730 1091 806 herc,
1114 746 1191 810 quae
1205 730 1349 796 nondum

262 832 356 898 exire
373 830 563 915 patiuntur!

304 932 483 1010 Quodnam
494 931 593 996 fuerit
606 932 687 997 illud
698 933 851 1009 officium,
864 939 953 998 certo
965 931 1098 996 definire
1110 949 1176 994 non
1185 930 1349 996 valemus.

260 1033 422 1098 Putamus
438 1040 562 1109 tamen,
576 1053 638 1096 nec
649 1035 721 1097 siue
735 1035 806 1097 veri
818 1035 943 1115 specie,
956 1034 1043 1096 idem
1054 1033 1188 1096 omniuo
1201 1051 1241 1096 ao
1251 1031 1348 1112 illud,

257 1133 302 1196 'de
322 1152 390 1214 quo
406 1133 468 1216 Ep.
491 1150 526 1196 v,
546 1133 598 1196 15.
612 1135 683 1210 ubi,
706 1131 950 1210 ‘secesseram'
973 1135 1030 1210 ait,
1054 1135 1105 1196 ‘in
1120 1133 1349 1214 municipium,

260 1251 334 1295 cum
362 1233 442 1297 mihi
464 1235 651 1298 nuntiatum
673 1243 736 1312 est,
760 1233 944 1298 Cornutum
966 1233 1152 1298 Tertullum
1175 1235 1349 1315 accepisse

260 1333 407 1397 AEmiliee
421 1336 486 1399 viae
502 1332 637 1399 curam?
679 1335 809 1399 Deinde
824 1335 950 1410 scribit,
966 1334 1136 1415 aliquanto
1151 1333 1257 1414 magis
1273 1353 1348 1397 eum

261 1433 425 1499 delectare
447 1436 640 1501 mandatum
659 1436 724 1499 sibi
745 1434 902 1512 officium,
927 1443 1104 1517 postquam
1124 1452 1185 1515 par
1202 1432 1350 1497 Cornuto

260 1535 394 1598 datum’
415 1537 572 1615 videbat3
595 1537 755 1600 accedere
785 1537 953 1599 vinculum
983 1533 1252 1608 necessitudinis,
1273 1553 1348 1596 cum

257 1635 350 1699 idem
374 1637 474 1701 suerit
495 1637 650 1719 ‘collega
663 1638 697 1701 in
716 1637 913 1720 praelectura
929 1637 1037 1701 aerarii
1052 1642 1084 1699 et
1098 1636 1132 1700 in
1147 1636 1320 1699 consulatu
1330 1637 1351 1715 ;’

260 1737 400 1820 denique
414 1758 489 1802 cum
502 1740 638 1803 nuntius
653 1739 753 1814 venit,
768 1738 872 1802 fuisse
887 1742 983 1800 ‘oum
999 1755 1173 1820 prosocero
1183 1756 1257 1812 suo,
1272 1755 1348 1800 cum

260 1838 366 1902 amita
386 1840 513 1916 uxoris,
542 1847 612 1905 tum
637 1839 753 1904 amicis
775 1839 831 1903 diu
851 1838 1044 1902 desideratis
1055 1835 1074 1916 3'
1096 1844 1196 1918 atque
1222 1835 1350 1900 includi

257 1931 447 2021 '‘augustiis
471 1938 704 2016 commeatus,'
732 1943 793 2004 &a
837 1939 924 2003 Tum
946 1940 1044 2019 igitur
1069 1938 1200 2002 Plinius
1220 1942 1291 2002 erat
1315 1938 1350 2000 in

261 2040 463 2121 patriacum
485 2059 601 2118 uxore,
624 2040 714 2123 quod
739 2041 889 2122 congruit
908 2059 982 2102 cunr
1003 2039 1127 2112 itinere,
1143 2037 1184 2100 de
1200 2057 1268 2118 quo
1284 2038 1349 2120 Ep.

261 2153 313 2201 ιι.
328 2139 359 2201 1.
375 2142 554 2222 etquidem
571 2161 646 2205 cum
655 2143 727 2225 jam
744 2141 801 2206 diu
816 2140 1024 2206 desideratos
1038 2139 1168 2212 luisset,
1179 2139 1268 2220 qnod
1279 2139 1349 2203 illis

260 2240 425 2318 convenit,
439 2261 516 2322 quse
531 2261 576 2304 ex
587 2243 663 2307 ead.
680 2242 742 2325 Ep.
758 2249 791 2305 et
801 2242 865 2325 Ep.
878 2259 934 2306 111.
946 2241 977 2304 6.
989 2241 1192 2322 protulimus.
1216 2239 1348 2304 Idcirco

260 2339 342 2420 quid
353 2339 505 2421 impedit,
517 2361 584 2423 quo
593 2343 701 2406 minus
713 2361 915 2417 asseramus,
927 2361 1025 2404 unum
1038 2341 1192 2422 idemque
1204 2341 1349 2405 officium

261 2459 347 2516 esse,
361 2440 403 2505 de
420 2460 486 2523 quo
501 2441 574 2506 huso
588 2442 652 2527 Ep.
669 2460 727 2506 ιιι.
742 2443 773 2506 6.
789 2451 824 2506 et
839 2461 873 2506 v.
889 2443 942 2507 15.
956 2442 1161 2523 loquunturl
1206 2438 1262 2505 Ad
1274 2443 1348 2506 haec

260 2539 392 2605 Plinius
416 2541 488 2624 jam
518 2545 694 2610 consulatu
722 2544 854 2608 iunctus
880 2563 955 2608 cum
985 2543 1131 2607 Cornuto
1156 2542 1284 2624 iuerut3
1306 2563 1347 2608 ac

261 2642 348 2706 adeo
373 2641 463 2706 haud
487 2645 675 2708 antchona
706 2663 760 2709 an.
781 2645 848 2708 dici
878 2650 1002 2726 potest,
1029 2642 1113 2706 illud
1143 2642 1289 2708 officium
1315 2645 1348 2708 ei

260 2743 458 2826 delegatum.

259 2847 262 2854 ’
301 2841 344 2904 Iu
369 2844 442 2926 ejus
460 2863 539 2907 vero
559 2852 678 2909 natura
695 2846 882 2909 delinienda
901 2864 1115 2928 nequaquam
1139 2847 1347 2910 consentiunt

260 2940 368 3021 docti3
390 2943 465 3005 aliis
484 2943 767 3020 existimantibus
783 2945 929 3008 Plinium
948 2965 1015 3008 non
1041 2965 1140 3009 secus
1164 2965 1204 3009 ac
1219 2945 1347 3010 Cornu·

258 3047 327 3104 tum
342 3041 490 3106 AEmiliae
505 3043 570 3107 viae
585 3048 768 3109 curatorem
781 3044 906 3124 luisse;
928 3046 1003 3109 aliis
1024 3053 1132 3110 autem
1154 3047 1347 3128 urgentibus

257 3142 340 3207 illud
362 3139 468 3226 ‘paq'
481 3165 551 3227 quo
566 3145 693 3210 Noster
707 3148 818 3222 utitur,
838 3147 984 3211 iudicare
1000 3146 1106 3212 uideri
1117 3148 1206 3210 houd
1217 3150 1346 3213 omnino

256 3244 342 3308 idem
358 3246 491 3328 utrique
506 3247 647 3312 officium
662 3269 737 3313 esse
752 3249 884 3327 datum;
906 3267 948 3311 eo
971 3250 1088 3329 magis,
1109 3249 1200 3330 quod
1213 3249 1346 3313 'Plinius

256 3343 292 3406 in
308 3345 409 3408 toties
426 3346 541 3409 citatis
557 3347 710 3430 inscript.
726 3352 874 3431 signatur
889 3349 1011 3412 modo.
1032 3365 1207 3412 cvrenrorr
1228 3365 1343 3412 Auvsr

259 3457 409 3508 urusnrs
436 3461 482 3507 ur
503 3462 688 3527 nrrunvru,
707 3467 752 3512 ur
772 3466 984 3514 euoucnrnm
1000 3465 1124 3513 vnsrs.
1166 3450 1279 3532 Atque
1294 3449 1345 3514 his

256 3561 320 3606 nos
336 3545 487 3609 assentiri
501 3548 703 3627 profitemur.

300 3643 404 3707 Porro
417 3663 491 3708 oum
507 3644 663 3712 Noster
653 3671 688 3714 ru
694 3651 812 3733 patria
827 3657 928 3728 esset,
943 3651 1192 3733 audivissetque
1206 3651 1346 3714 munici-

255 3765 333 3828 pum
350 3743 440 3808 filios
457 3745 641 3813 Mediolani
657 3751 804 3827 studere,
818 3751 908 3834 quod
924 3751 1018 3816 (lomi
1035 3752 1145 3816 nullos
1159 3760 1344 3836 praecepto-

255 3866 308 3910 res
332 3846 508 3926 haberent3
531 3857 642 3930 patres
668 3853 846 3930 admonuit,
870 3860 906 3918 ut
927 3860 1157 3940 praeceptores
1179 3854 1345 3918 conduce-

256 3957 341 4026 rent,
356 3951 586 4035 promisitque,
602 3973 638 4016 se
660 3957 809 4018 ‘tertiam
825 3964 950 4039 partem
967 3955 1054 4038 ejus,
1071 3955 1162 4037 quod
1177 3955 1346 4020 conferre'

257 4049 481 4132 municipibus
496 4053 655 4136 placeret,
679 4055 840 4121 daturum.
885 4058 1014 4121 Postea
1033 4074 1193 4132 reversus
1208 4075 1284 4120 cum
1300 4056 1344 4118 ad

255 4150 421 4231 pauculos
435 4153 553 4218 diesin
567 4153 757 4219 Tusculano
771 4163 1037 4235 commoraretur,
1052 4155 1206 4221 Tacitum
1218 4157 1252 4220 in
1261 4157 1343 4220 urbo
1357 4188 1361 4198 =
