3088 4848
524 409 804 460 raunnrnrcua.
849 409 874 460 r.
896 396 951 460 57.
1225 397 1291 464 281

201 557 295 622 seiia'
313 555 454 632 euruli,'
475 554 680 637 victoriaque
708 553 859 634 raedgio,
885 571 1047 636 premere.
1091 553 1293 620 imminere¹

200 660 388 724 minacibus
401 658 495 739 ripis,
509 661 613 721 tutnrn
629 657 863 738 quietumque;
887 654 990 738 quidt
1012 657 1291 736 spemerebarba·

200 779 258 825 ros
279 761 444 838 fremitus,
465 758 684 840 hostilemque
705 765 874 832 terrorem,
897 773 966 819 non
993 773 1154 819 armorum
1174 761 1293 839 megia,

201 881 302 946 qnam
317 866 493 942 togarum!
514 858 748 934 ostentatione,
764 875 991 940 compescere.
1034 855 1068 919 8.
1091 856 1292 948 Itaqnelnon

199 971 233 1027 te
263 962 353 1045 apud
380 960 568 1042 imagines,¹
590 959 652 1022 sed
674 961 783 1042 ipsum
810 965 1009 1040 praesentem
1036 957 1292 1043 audientemque

201 1060 457 1128 coenaturubant
478 1061 724 1143 imperatorem,
743 1077 940 1143 nomenque,
955 1058 1047 1142 quod
1072 1058 1131 1124 alii
1152 1057 1291 1127 domitio

198 1163 363 1240 hortibus,
378 1167 413 1227 ta
427 1161 609 1230 contemtia
626 1160 805 1224 merebere.
1025 1159 1027 1166 '

243 1265 335 1330 can.
365 1280 457 1327 nvn.
488 1263 519 1326 1.
544 1260 634 1325 Haec
660 1260 737 1324 lane
765 1259 833 1324 acti
862 1261 1077 1342 consulatue;
1099 1261 1157 1326 iila
1181 1259 1292 1338 diluti,³

200 1365 292 1450 quud
312 1365 422 1430 adnuo
438 1363 535 1428 initio
561 1363 782 1444 principatus,
796 1360 915 1445 etjam
931 1367 1138 1426 excusatus·
1158 1363 1292 1428 honori-

199 1468 274 1544 bue,
293 1471 326 1528 et
347 1464 514 1547 expletur,
535 1462 745 1527 consulatum
765 1459 955 1538 recusasti?
975 1479 1074 1546 quem
1090 1463 1171 1528 novi
1184 1461 1291 1546 inipe-

199 1573 353 1632 ratorea‘
381 1565 581 1630 dmtinaturn
608 1564 687 1629 aliis
712 1564 747 1628 in
778 1583 816 1628 ee
842 1563 1093 1631 transferebant.
1148 1564 1182 1629 2.
1212 1565 1292 1630 Fuit

657 1759 834 1782 euenerunt

198 1893 222 1941 in
245 1897 395 1942 contextum
416 1891 517 1954 recepit
534 1889 657 1952 Lipaint3
676 1903 752 1952 quem
772 1888 897 1954 deinceps
917 1887 999 1941 arenti
1020 1897 1081 1942 aaut
1097 1893 1290 1957 Berneggerur,

198 1957 325 2016 Heckira,
335 1957 538 2030 Kireirproierur,
550 1957 631 2006 Cere.
663 1954 760 2004 Mirum
778 1960 830 2018 ert,
840 1969 887 2004 noa
898 1954 1026 2018 ruffrrqiia
1035 1958 1148 2008 omnium
1165 1959 1289 2012 librorum

198 2019 325 2072 destitui!
340 2019 460 2069 Schmun.
491 2021 577 2069 ‘Seiae
597 2018 733 2075 editioneo,
754 2033 813 2082 quie
832 2019 912 2082 Lipaii
934 2021 1117 2071 anctoritatem
1138 2030 1282 2086 aequentur

194 2089 295 2146 merra.
308 2084 412 2148 reliquae
420 2097 508 2132 onrner
519 2099 616 2147 pereat.-
627 2084 747 2144 egregia
764 2097 821 2132 nam
832 2085 915 2133 attera
925 2099 974 2134 vox
987 2087 1063 2148 plana
1073 2086 1176 2142 ebione,
1193 2093 1221 2136 et
1232 2058 1292 2144 arui

197 2149 314 2197 Romano
334 2147 498 2210 repugnant!
515 2148 602 2198 Arata.
635 2146 705 2195 Vide
727 2147 803 2196 Nott.
823 2148 902 2197 Varr.
935 2149 1020 2199 Paulo
1040 2157 1109 2212 port,
1128 2151 1291 2214 quietamque,-

195 2227 313 2273 aperaere,
329 2215 370 2275 isc.
387 2214 481 2261 emitae
497 2213 563 2275 quid,
581 2212 607 2259 in
626 2211 719 2260 Pater.
736 2213 907 2276 cornibusque
928 2214 985 2263 aliia
1003 2214 1079 2266 codd.
1097 2229 1141 2276 ap.
1160 2215 1290 2267 sineere.

196 2277 310 2336 Deinde,
329 2291 376 2338 pro
397 2276 476 2326 verbo
496 2289 647 2338 compescere.
666 2274 726 2324 eod.
743 2275 835 2324 salisb.
854 2291 870 2324 a
888 2291 923 2325 m.
941 2293 981 2338 pr.
998 2279 1077 2328 habet
1095 2279 1290 2342 comprimere.-

197 2343 212 2387 8
230 2339 313 2390 Codd.
322 2340 599 2391 Pater-Schwarzian.
613 2339 678 2390 Eac.
689 2338 763 2388 Vero.
775 2339 833 2389 edd.
846 2339 950 2392 Patent.
969 2343 1087 2394 Rhenau.
1098 2351 1127 2394 at
1140 2345 1225 2394 Plani.
1235 2359 1291 2393 eoa·

196 2403 317 2454 ruitabant
328 2405 504 2466 imperatorem.

228 2467 296 2518 Car.
308 2482 376 2518 eru.
412 2473 424 2515 l
444 2466 509 2517 Cod.
527 2467 622 2518 Pater.
640 2465 696 2534 ueri,
703 2469 846 2518 emoriatur.
879 2467 955 2529 Mox,
966 2469 1073 2534 Caepio.
1085 2478 1111 2519 et
1122 2469 1245 2520 Barthina
1257 2467 1290 2520 ed

194 2530 435 2616 creueran.p.err.
453 2531 586 2580 enuntiatae
596 2530 730 2578 temeror.
763 2530 831 2579 Vide
842 2531 919 2582 Nott.
932 2532 1006 2582 verr.
1038 2549 1106 2596 queat
1120 2535 1288 2597 aooiiarpera·

692 2696 798 2748 NOTAE

226 2819 242 2844 '
258 2809 325 2860 Scito
345 2809 433 2872 carati]
454 2809 526 2860 setta
544 2808 641 2860 curatio
664 2815 722 2860 erat
763 2810 828 2873 perii
841 2811 955 2875 auspicia
966 2811 1092 2862 Kalendis
1103 2812 1219 2864 ianuarii
1231 2827 1291 2862 een·

194 2885 318 2946 eburnea,
333 2893 361 2934 et
380 2887 466 2950 perita
485 2886 511 2934 in
529 2899 560 2934 ee
572 2898 660 2948 eurrn,
671 2897 721 2948 quo
761 2885 873 2935 striatam
893 2885 1014 2948 ederent,
1034 2887 1102 2951 quod
1120 2887 1181 2936 faeti
1202 2901 1291 2938 omnen

193 2961 218 3008 in
239 2961 421 3022 undumeni,
442 2960 547 3010 honoria
564 2973 652 3016 eruar,
670 2972 720 3010 non
761 2961 919 3020 ostendunt3
944 2969 972 3012 et
992 2963 1151 3025 Apollinaris
1169 2963 1291 3016 Sidouina

195 3041 294 3084 tantum
326 3037 445 3085 conenier
473 3037 600 3092 uolebant,
627 3035 672 3084 aed
694 3041 721 3084 et
761 3035 795 3084 de
806 3033 886 3088 Avito
898 3036 1017 3086 Carmine
1029 3037 1212 3103 ⁷.‘Principia
1223 3041 1291 3092 inte·

195 3109 349 3175 quicumque
361 3110 486 3171 curnlem,
497 3111 522 3160 id
536 3117 585 3172 eet,
597 3109 720 3174 majorem
762 3110 822 3172 rior,
833 3126 900 3160 nune
912 3111 1024 3160 conatalis
1036 3111 1087 3162 iate
1104 3120 1225 3165 eurnacat
1236 3113 1290 3164 An-

194 3187 370 3250 magistratum
387 3189 536 3250 pertinent.
568 3185 659 3234 videri
676 3199 721 3248 po·
760 3199 820 3245 nna,
846 3192 873 3233 et
901 3186 1009 3234 emerita
1029 3184 1124 3235 trabeis
1145 3186 1292 3238 diedemate

194 3270 246 3312 teat
256 3261 315 3313 Ani.
326 3262 396 3314 Geli.
409 3276 453 3312 ru.
464 3264 504 3312 1⁸.
761 3259 900 3310 creaenut.’
932 3261 986 3312 Hic
1006 3269 1093 3312 entem
1110 3262 1211 3312 Piiniue
1225 3265 1290 3316 Tra.

225 3345 238 3372 ¹
250 3337 387 3401 Imminere]
402 3337 523 3399 Magnum
536 3342 577 3386 eat
588 3335 720 3398 homme·
754 3335 811 3398 jani
826 3334 1029 3388 moderationem
1047 3335 1145 3393 laudat.
1157 3337 1227 3401 qnod
1239 3344 1292 3390 ter·

193 3413 219 3464 ni
230 3407 276 3462 rei'
283 3413 396 3464 Danubii
407 3413 471 3476 ripia
487 3411 616 3476 piacidum
634 3418 663 3462 et
679 3424 720 3460 aa·
760 3411 822 3460 tium
833 3411 1004 3466 consulatum,
1013 3410 1056 3474 qni
1065 3411 1113 3461 eibi
1123 3427 1169 3476 pro
1181 3412 1292 3477 impera·

193 3501 282 3538 eurum
294 3487 437 3540 imminere.
689 3483 696 3488 '
760 3486 822 3538 toria
828 3487 890 3550 jare
900 3486 1053 3546 debebatur,
1065 3489 1173 3554 privatio
1184 3488 1291 3541 homini·

224 3572 235 3606 r
254 3564 384 3627 rogerum]
402 3565 474 3616 Quae
492 3565 517 3614 iu
532 3561 719 3627 juriadictioue
759 3561 807 3614 bur
821 3562 916 3612 cedere
928 3563 1048 3614 voluerit.

190 3638 335 3698 inurebant,
346 3639 436 3687 aeirem
454 3638 581 3702 advocati,
592 3645 620 3690 et
634 3637 718 3690 cauti·
791 3638 885 3688 cNoui
903 3638 1067 3702 imperatorer]
1093 3641 1184 3696 Utrum
1208 3643 1290 3700 Nero,

192 3715 254 3777 dici,
265 3720 292 3765 et
303 3713 329 3762 id
341 3728 432 3778 genua.
448 3713 554 3775 Lipaiae.
759 3713 803 3776 qni
824 3713 962 3762 ‘canoniea
981 3721 1042 3762 unte
1058 3721 1160 3775 tempu·
1177 3715 1290 3778 privarit

224 3799 234 3824 ¹
256 3789 328 3851 Apud
354 3787 481 3850 inrugiaea]
507 3789 590 3837 Notat
616 3788 719 3850 Lipaine
757 3787 863 3844 honore,
875 3793 954 3847 atque
967 3786 992 3834 in
1006 3786 1140 3850 utrimque
1152 3787 1234 3838 iocum
1249 3803 1290 3839 au·

190 3865 356 3931 imperatorie
367 3865 502 3927 imaginem
518 3865 544 3914 iu
556 3865 649 3916 caetrir
658 3865 718 3927 poni
758 3863 798 3912 lnr
809 3861 867 3910 iniit
879 3862 1039 3910 cnueulatnnr
1049 3859 1069 3910 i’
1095 3859 1169 3912 Suet.
1182 3862 1289 3916 Nerone

189 3944 300 3996 notitam,
312 3940 433 4004 adquam
447 3939 619 3991 venerandam
631 3939 716 3990 exteri
757 3951 816 3999 cap.
837 3939 878 3986 dt.
899 3949 932 3984 an
953 3937 1084 3996 Viteiiinr,
1110 3937 1176 4002 ‘qui
1203 3953 1232 3990 ae
1259 3941 1289 3992 in

191 4019 392 4069 adducerentur.
756 4020 912 4077 perpetuum
935 4013 1065 4065 cumulem
1088 4012 1181 4064 feciti'
1214 4017 1288 4070 Suet.

223 4103 235 4130 ⁸
254 4092 347 4155 Utjum
357 4090 492 4153 moratae]
508 4089 595 4158 Aliqui
605 4090 664 4142 libri
673 4091 717 4140 ha·
756 4103 814 4151 cap.
828 4090 867 4136 11.
884 4102 928 4153 au,
939 4087 1013 4154 qued¹
1025 4087 1181 4140 crediderim
1198 4092 1288 4156 napi,

92 4227 97 4240 ,
191 4171 254 4220 beut
264 4168 407 4219 mentietur.
424 4165 561 4216 Gruterum
757 4164 836 4221 Otho.
849 4164 903 4228 qni,
914 4163 1000 4215 Galba
1012 4177 1059 4228 per
1072 4163 1180 4214 insidiae
1192 4169 1289 4227 ocche,

222 4245 235 4279 ⁸
252 4245 404 4294 Cominium
413 4243 537 4306 remeanti]
554 4241 717 4290 Moaeretnt
755 4235 849 4292 rernm¹
861 4241 971 4304 potitur,
989 4241 1063 4290 ‘curn
1079 4240 1184 4292 Titiano
1201 4242 1288 4298 fratre

190 4321 250 4372 nori
266 4320 434 4385 imperatorer
452 4317 574 4384 proximir
592 4323 651 4383 port
669 4318 716 4366 int·
756 4315 885 4364 conantem
907 4314 934 4364 in
954 4313 1014 4364 Kal.
1032 4314 1141 4367 Martiae
1159 4332 1187 4370 aa
1203 4319 1288 4382 facin
