3112 4852
273 373 341 446 ult
625 378 814 438 .c.rnrrt11
839 388 1006 444 snonunr

275 530 363 602 inter
389 531 553 619 priuatum
578 528 822 617 et'prircipem
846 535 994 613 interest,
1017 533 1084 600 nisi
1109 533 1198 619 qnod
1227 549 1315 604 nunc
1346 557 1369 606 a

275 637 430 722 pluribus
457 634 599 713 amaris3
620 652 698 698 nam
721 640 755 699 et
779 635 892 718 plures
914 655 1020 700 amas.
1062 635 1096 700 3.
1118 637 1223 716 Tene,
1239 639 1367 720 Gaeaar,

273 737 361 803 bunc
376 753 523 812 cursum,
539 741 575 796 et
593 733 787 816 probabitur
810 735 1047 818 experimento,
1068 736 1152 801 sitne
1175 738 1319 804 feracius
1334 746 1368 805 et

272 837 421 914 uberius,
433 854 497 900 nou
513 834 557 899 ad
568 832 699 899 laudem
708 834 819 911 modo,
828 835 888 900 sed
899 835 941 900 ad
951 837 1138 918 pecuniam,
1148 838 1303 923 principi,
1316 840 1368 904 εἰ*

272 937 403 1003 baerede
417 937 474 1002 illo
486 934 570 999 mori
583 933 736 998 homines
751 934 866 1014 velint,
882 953 982 1019 quam
998 936 1028 1000 ai
1043 943 1213 1018 cogantur.
1246 941 1279 1002 4.
1295 939 1366 1006 Βο-Δ

270 1040 366 1104 navit
379 1044 477 1120 pater
490 1033 588 1100 tuus*
602 1034 720 1113 multa,
739 1041 773 1100 et
786 1035 861 1117 ipae
884 1033 1016 1100 donanti
1030 1056 1038 1096 ε
1062 1038 1199 1102 cesserit
1209 1046 1224 1076 ‘¹
1245 1057 1364 1120 pamm

270 1147 406 1222 gratum
426 1142 561 1202 manent
581 1143 694 1200 tamen
708 1136 745 1214 ii,
761 1137 820 1219 qui
835 1135 933 1201 bonis
952 1137 1026 1220 ejus
1040 1136 1363 1222 fruantur,·nihilque

270 1259 314 1304 ex
329 1239 395 1303 illis
410 1237 452 1302 ad
468 1245 511 1314 te,
525 1236 592 1300 uisi
607 1235 725 1318 gloria,
740 1236 843 1300 redit:
866 1255 944 1302 nam
963 1236 1197 1302 liberalitatem
1206 1238 1363 1322 jucundi·

269 1361 359 1405 orem
373 1338 505 1403 debitor
519 1345 647 1419 gratus,
658 1337 833 1402 clariorem
842 1337 1000 1419 ingratus,
1011 1337 1106 1403 lacit.
1150 1340 1181 1404 5.
1204 1338 1271 1404 Sed
1283 1340 1361 1423 quis

269 1451 345 1504 ante
361 1446 393 1504 te
414 1439 548 1504 laudem
567 1438 668 1502 istam
690 1438 846 1522 pecuniae
871 1439 1042 1521 praetuliti
1065 1437 1362 1523 Quotusquisque'

266 1541 453 1623 principum
470 1559 511 1603 ne
526 1539 560 1603 id
575 1539 710 1621 quidem
723 1540 757 1605 in
771 1539 985 1622 patrimoniis
1000 1538 1125 1602 nostris
1140 1557 1238 1602 snum
1252 1525 1361 1618 duxit,

264 1641 355 1723 quod
365 1648 456 1704 esset
469 1640 510 1703 de
524 1641 611 1704 suoi
634 1639 756 1703 Nonne
767 1648 807 1704 ut
820 1659 948 1721 regum,
963 1640 1012 1704 ita
1025 1639 1208 1718 Gaesarum,
1225 1627 1362 1704 munem

296 1825 307 1851 θ
323 1818 408 1881 Seruo,
420 1833 434 1865 o
447 1819 537 1880 Coeuur,
546 1817 605 1866 iuna
613 1819 702 1878 ugrum
711 1818 836 1874 rationem,
848 1824 872 1868 et
883 1832 1007 1880 eumeces
1016 1817 1163 1881 experientia
1171 1823 1280 1869 utmmue
1292 1822 1359 1883 priu-

263 1882 312 1958 cipi
322 1882 443 1954 utiliurait
453 1887 476 1932 et
485 1883 700 1932 amuduntiur'uun
708 1884 784 1931 sotum
793 1885 824 1932 uri
834 1883 936 1942 laudern,
945 1885 986 1932 reri
997 1887 1020 1932 et
1030 1885 1062 1930 bri
1070 1883 1193 1946 peeuuium
1203 1885 1358 1946 coitipeudu'ra

263 1960 294 2008 ru,
305 1949 345 2009 ipe.

719 2053 898 2076 „omo”

262 2170 462 2231 temperie-2
479 2167 544 2218 Cori.
555 2168 649 2218 Pater.
660 2170 690 2220 ub
700 2171 791 2232 ignotis
801 2169 969 2234 praeteria-8
988 2172 1062 2221 Teueu
1074 2171 1156 2222 Cesar
1172 2171 1247 2222 codd.
1263 2169 1358 2226 Pater.

262 2233 375 2295 Grrelpb.
391 2240 420 2282 et
435 2234 501 2282 Eur.
512 2232 588 2281 Voss.
614 2234 675 2282 Tm
688 2235 771 2282 Caerur
788 2235 864 2284 codd.
881 2235 955 2282 Vett-
971 2236 995 2281 1.
1012 2239 1036 2283 2.
1054 2238 1078 2282 8.
1091 2239 1116 2284 4.
1129 2235 1317 2287 Puris.Venet.
1328 2243 1357 2299 et

261 2296 437 2346 Schwaraian.
449 2297 512 2344 item
524 2295 583 2344 edd.
594 2298 701 2358 Cuspin.
714 2298 786 2359 Lips.
801 2298 878 2346 Grnt.
892 2297 1003 2346 Puteau.
1016 2299 1128 2360 Berneg.
1140 2299 1227 2348 Graer.
1238 2299 1356 2351 Patami.

260 2361 322 2422 Ceu.
341 2368 369 2408 et
384 2365 494 2410 recenti.
529 2358 674 2421 Praetereu,
687 2361 787 2424 Grypb.
807 2361 842 2410 Η.
859 2362 948 2425 Stepb.
959 2368 987 2410 et
999 2360 1119 2411 Siebard.
1130 2376 1178 2424 pro
1189 2364 1290 2414 nomine
1301 2380 1356 2413 cur-

258 2438 319 2477 uum.
337 2426 363 2473 in
374 2425 490 2486 margine
502 2431 659 2472 annotarunt
669 2439 756 2474 curun.
789 2425 822 2474 In
834 2426 908 2474 Vatt.
921 2428 944 2473 1.
955 2427 980 2474 2.
992 2429 1016 2475 u.
1026 2429 1050 2474 4.
1067 2426 1158 2475 Salirb.
1171 2433 1197 2475 et
1208 2428 1320 2490 Guelpb.
1330 2433 1356 2478 et

256 2488 364 2550 probiter
369 2503 380 2545 ,·
397 2488 421 2536 in
434 2487 516 2537 Puris.
535 2492 558 2536 et
572 2489 699 2550 probitum
715 2490 741 2536 in
757 2489 833 2537 codd.
845 2488 941 2538 venet.
956 2495 983 2536 et
1001 2489 1174 2538 Schwaruian.
1189 2497 1213 2539 et
1224 2492 1356 2553 probetur}

258 2551 285 2600 in
297 2552 355 2600 cod.
368 2551 460 2600 Pater.
472 2559 501 2599 et
514 2552 577 2600 Eur.
588 2551 666 2602 Voss.
677 2557 703 2600 et
715 2552 846 2614 probetur,⁸
863 2554 929 2602 Exc.
941 2552 1018 2603 Voss.
1030 2567 1078 2617 pro
1090 2567 1143 2603 uar.
1155 2556 1215 2602 lect.
1232 2562 1256 2602 rt
1270 2555 1355 2618 proie-

258 2620 354 2666 tur.-4
371 2616 472 2680 Lipsius
485 2628 531 2677 pro
543 2616 649 2678 cruerit,
660 2617 728 2679 conj.
741 2618 838 2678 ceperit,
853 2618 892 2665 rel
908 2617 1011 2666 cessei.
1054 2618 1113 2666 Duo
1131 2617 1206 2666 codd.
1217 2618 1291 2668 vett.
1306 2632 1354 2680 pro

254 2686 351 2730 manent
363 2685 441 2730 tumen
451 2679 479 2739 ii.
491 2680 585 2728 babent
597 2684 692 2728 mereat
702 2679 746 2728 tibi
756 2679 785 2730 ii.
818 2680 901 2729 Lirin.
913 2694 973 2729 mox
983 2679 1052 2742 conj.
1064 2681 1105 2741 qui
1116 2680 1184 2730 boniu
1195 2680 1262 2739 tuis,·
1280 2681 1353 2793 Ligu.

215 2753 217 2758 ·
257 2745 298 2804 qui
319 2743 385 2792 ionia
405 2744 460 2799 einr
476 2741 522 2790 sed
543 2755 683 2805 pronomen
702 2743 751 2803 eius
767 2745 879 2792 curulum
900 2743 1022 2792 librorum
1039 2741 1163 2805 suffragio
1189 2744 1289 2795 nititur.
1331 2747 1351 2793 l-

257 2807 301 2854 lud
329 2822 390 2855 uero
409 2807 536 2866 furuum,
565 2806 640 2855 deest
660 2807 686 2854 in
707 2807 824 2855 omuibur
845 2807 922 2856 codd.
946 2821 989 2869 ap.
1012 2806 1142 2856 Sebworu.
1163 2807 1224 2856 item
1247 2809 1273 2858 iu
1291 2808 1352 2858 eriri·

257 2869 362 2920 Prrteol.
378 2869 585 2919 Betuctelum.
596 2869 714 2918 Rbeuan.
725 2869 809 2918 Lirin.
822 2875 850 2918 et
862 2871 931 2920 Nau.
943 2875 1016 2920 extat
1028 2870 1053 2920 in
1065 2869 1126 2918 edd.
1140 2869 1232 2920 Catan-
1243 2872 1352 2934 cuspin.

257 2932 401 2982 Philomur.
423 2931 547 2980 Cratand.
570 2932 670 2994 (tryph.
689 2932 806 2980 sichard.
828 2931 861 2981 R.
881 2939 909 2982 et
928 2933 965 2981 Η.
984 2931 1076 2994 Stepb.
1094 2933 1179 2984 Haek'.
1194 2935 1307 2998 Berneg.
1322 2943 1351 2986 et

255 3003 366 3045 reeentt.
382 2995 501 3054 fruuntur
522 2993 645 3043 exhibent
664 2995 743 3044 Grut.
764 2996 876 3044 Putean.
890 2997 973 3044 Banu.
989 3003 1018 3046 et
1035 2997 1150 3046 Pnturol.
1180 2997 1272 3059 Porro,
1291 3000 1351 3049 ced.

255 3061 348 3108 Patau-
358 3058 756 3117 iiberuiitutentjmuuditatou-⁵
774 3059 858 3107 Lirin.
869 3059 936 3122 conj.
952 3075 998 3108 uon
1009 3060 1035 3107 iri
1045 3075 1135 3122 quoque
1147 3061 1173 3108 ia
1182 3063 1352 3124 patrimoniis,-

255 3124 313 3173 ccd.
325 3123 408 3173 Puris.
419 3123 495 3170 babet
505 3137 547 3170 nee
557 3122 584 3170 iri
595 3123 698 3185 quidem,
708 3125 748 3184 irc.
761 3123 874 3185 Gnelpb.
884 3138 913 3172 ue
923 3124 1049 3185 inquisierit
1058 3123 1084 3172 in
1092 3124 1243 3186 patrimoniis
1260 3127 1351 3175 nortria

253 3189 326 3242 dnm
341 3187 420 3243 duait,
437 3189 499 3250 quoa
515 3191 584 3241 erret,
605 3186 706 3236 omissis
722 3189 752 3236 de
766 3201 802 3236 eo.
835 3186 889 3237 Pro
907 3188 987 3238 uerbo
1005 3187 1085 3252 (iuuit,
1096 3187 1153 3238 rod.
1165 3189 1259 3242 venet.
1269 3189 1351 3240 babet

746 3362 855 3432 nonin

283 3473 414 3523 ‘Danuuii
426 3476 494 3534 puter
511 3471 576 3534 tuus]
599 3473 697 3538 Nerua,
713 3474 778 3538 ‘qni
818 3475 906 3526 (lirare
924 3480 995 3526 totus
1014 3475 1056 3526 bic
1073 3475 1145 3527 loeus
1163 3477 1225 3538 apte
1242 3472 1348 3525 ridetur

253 3557 281 3600 et
298 3549 460 3600 bonucmnia
471 3562 526 3612 qma
540 3549 674 3604 extabant,
686 3557 713 3598 et
725 3551 778 3620 De·
818 3550 856 3599 sic
875 3565 890 3599 a
910 3551 1027 3600 Liuineio
1048 3557 1195 3600 correctusr
1222 3549 1345 3613 cesserint,

251 3617 372 3676 initiarunt
392 3623 480 3687 inique
499 3623 653 3685 abstulerat,
668 3623 777 3675 dominis
817 3639 912 3690 nempe
930 3634 958 3675 et
974 3633 1026 3683 tua,
1039 3632 1066 3676 et
1078 3624 1160 3688 putris
1175 3625 1345 3687 aucupatum

252 3702 368 3754 reddidit
376 3709 403 3752 et
411 3699 612 3765 plebillonrrnae
621 3714 696 3764 agros
703 3702 776 3766 emit,
814 3700 910 3762 pratia:
926 3704 1021 3750 mearat
1039 3705 1126 3761 tumen,
1146 3697 1173 3748 id
1189 3704 1240 3762 est,
1256 3711 1346 3762 super·

250 3794 281 3830 ac
293 3775 400 3830 diuisit.'
419 3778 479 3826 Dio.
816 3783 885 3834 aunt,
904 3777 944 3841 pui
958 3776 1024 3826 bunis
1042 3777 1091 3824 tuis
1099 3774 1228 3837 fruuntur,
1248 3772 1275 3822 id
1293 3778 1343 3836 eut,

282 3861 292 3887 '¹
311 3853 427 3916 Cesserit]
445 3851 477 3900 ld
488 3857 539 3916 est,
558 3851 608 3902 etri
619 3851 711 3917 aliquis
721 3851 774 3902 diu·
814 3851 932 3901 heredes
944 3865 1032 3900 eorum
1043 3849 1088 3915 qui
1098 3849 1216 3898 maximis
1233 3863 1249 3897 n
1259 3853 1286 3897 te
1298 3848 1344 3898 be·

252 3931 361 3981 cesserit
371 3944 387 3978 e
399 3930 452 3979 rita
462 3942 553 3992 parum
564 3935 654 3991 gratus
666 3935 775 3993 ergata.
814 3925 913 3976 nubciis
925 3925 1021 3981 effecti,
1041 3931 1068 3975 te
1084 3926 1111 3974 iu
1127 3929 1284 3976 testamento
1295 3937 1343 3972 suo

248 4005 300 4067 An,
311 4012 340 4057 ut
354 4006 500 4069 inspicatur
509 4003 617 4066 Lipsius,
625 4003 774 4066 legendum,
814 4005 998 4069 praeterierint,
1014 4011 1093 4070 utque
1104 4003 1131 4054 id
1142 4004 1256 4066 impune,
1271 4001 1342 4067 quod

247 4082 332 4143 clipeis
347 4082 396 4130 icc
414 4077 707 4145 erperitpurumgrutus?
722 4077 773 4129 Sed
814 4080 860 4130 sub
872 4081 929 4131 uliis
940 4080 1098 4144 principibus
1110 4093 1159 4128 uon
1170 4077 1260 4129 tiebat.
1352 4129 1354 4132 ,

248 4163 334 4205 tumen
345 4157 480 4219 scrupulus
498 4156 589 4222 aliquis
604 4155 717 4205 residere
729 4169 774 4220 po·
845 4163 857 4189 v
875 4153 1076 4220 Quotusquisque]
1093 4155 1158 4207 Quis
1174 4169 1251 4220 porro
1270 4153 1341 4218 prin·

248 4236 300 4280 tert
333 4239 442 4295 propter
469 4247 501 4282 eu
532 4245 591 4296 qua
621 4238 773 4296 sequuntur.
813 4230 1100 4296 cepsadrepertinere
1115 4243 1167 4280 non
1183 4228 1341 4280 existinruuit
