3112 4852
568 383 849 434 cinnor-orcus.
893 381 918 432 r.
942 371 993 436 13.
1264 363 1328 438 169

234 531 343 594 alandt
365 528 482 593 virtute
502 527 655 604 rnilitum,
675 534 711 593 et
732 528 843 607 letne,
864 530 995 612 quoties
1023 534 1081 594 aut
1103 531 1226 596 cassidi
1247 538 1328 611 tuae,

234 639 293 695 aut
313 625 446 712 clypeo,
462 629 593 709 gravior
614 629 704 692 ictus
727 629 899 693 incideret
942 631 974 694 2.
996 630 1179 696 laudabas
1201 634 1328 718 qnippe

233 733 400 802 ferientes,
425 729 690 811 hortabarisque,
719 737 755 792 ut
781 731 958 795 auderent:
987 737 1022 796 et
1048 733 1217 799 audebant
1233 735 1328 817 jam;

172 823 176 828 ’
233 851 310 896 cum
340 833 507 914 spectator
532 830 789 913 moderatorque
819 832 1001 896 ineuntium
1030 835 1213 898 certamina
1240 837 1328 900 viro-

232 951 304 994 rum
326 951 420 995 arma
439 939 679 1012 componeres:
699 931 768 996 tela
789 939 946 1009 tentares,
962 951 1015 1010 ac,
1032 933 1166 1016 siquod
1189 935 1330 1002 durius*

233 1032 414 1115 accipienti
438 1030 615 1104 videretur,
637 1031 713 1112 ipsa
737 1033 894 1096 vibrares.
937 1033 970 1095 3.
993 1032 1111 1111 Quint
1141 1055 1217 1100 cum
1240 1037 1327 1102 sola-

232 1134 315 1196 tium
345 1131 457 1206 faesia,
484 1132 583 1212 aegris
610 1127 730 1214 opcm‘
757 1131 872 1196 ferres.
922 1133 1002 1197 Non
1029 1127 1091 1198 tibi
1117 1138 1243 1201 moris⁰
1268 1146 1329 1203 trra

376 1304 389 1327 ’¹
408 1297 523 1346 Grauius.
1036 1301 1121 1349 ‘’Non
1133 1301 1230 1351 aciebus.
1250 1333 1251 1342 ι

691 1424 870 1448 ”eunoun

229 1556 307 1604 ritate
319 1553 376 1602 cod.
390 1554 483 1602 Pater.
496 1558 524 1602 ct
534 1563 550 1601 a
561 1553 629 1602 con'.
642 1553 721 1616 Liprii
732 1553 803 1614 dedi,
815 1553 874 1618 quia
885 1553 982 1603 Noster
993 1553 1138 1606 delectatur
1146 1556 1260 1620 ejusdem
1270 1568 1327 1609 rer·

230 1621 255 1672 bi
275 1619 439 1681 repetitione.
471 1615 535 1675 Atii,
554 1567 678 1667 euadente
701 1617 826 1674 lnrtneio,
847 1617 886 1667 bit
909 1627 1052 1682 potuerunt
1074 1619 1176 1671 ciirura
1209 1623 1327 1673 Alterum

227 1693 314 1733 tamen
326 1681 490 1744 exquisitim.
524 1681 615 1738 Porro,
634 1679 754 1745 qnoniam
765 1685 870 1731 eominus
885 1682 980 1733 militer
995 1683 1109 1734 teiirnon
1123 1693 1249 1749 pugnant,
1261 1687 1327 1738 etin

228 1750 310 1797 attero
328 1746 443 1795 membro
453 1744 517 1794 nihil
528 1753 578 1807 ert,
596 1746 664 1810 qnod
676 1745 735 1795 noto
746 1758 803 1794 roc.
819 1747 985 1811 respondeat,
1002 1757 1143 1812 propterea
1155 1764 1239 1813 nuper
1250 1753 1329 1814 euasi,

228 1825 289 1862 aare
298 1811 405 1860 annitar
416 1811 463 1859 triu
473 1809 579 1864 tramea,
590 1823 653 1858 arrae
663 1811 742 1873 cirpea
752 1811 840 1860 diruto
848 1811 984 1874 rampart.
1017 1812 1065 1860 Vir
1077 1814 1168 1862 doctor
1181 1815 1205 1863 in
1217 1815 1327 1880 Epheru.

227 1877 281 1927 nn.
297 1874 407 1926 Jeuear.
418 1875 471 1924 No.
482 1877 540 1922 446.
551 1887 592 1923 au.
606 1877 678 1924 11911.
689 1874 790 1936 objicit,
805 1875 912 1924 mitur
927 1876 1037 1924 otiorum
1056 1877 1104 1925 sibi
1123 1877 1222 1938 videri3
1237 1893 1266 1929 ae
1278 1880 1327 1943 igi·

229 1949 273 1989 tur
289 1941 376 1996 maile,
392 1953 454 1986 arrae
475 1938 567 1986 marre
586 1939 635 1987 telo
650 1937 758 2000 murae,
780 1953 842 1986 auae
861 1939 1068 1988 annuntiante
1086 1943 1217 2002 susciperer
1226 1958 1238 1999 ,·
1262 1943 1329 1993 Tru·

220 2005 312 2068 janum
324 2003 485 2052 cenceerirae
502 2001 551 2048 hoc
563 2001 696 2054 militibus.
709 2008 738 2049 nt
752 2002 858 2049 mbae
875 2015 903 2049 ae
919 2009 1041 2063 peterent
1056 2005 1125 2059 telis,
1143 2006 1226 2067 ipsum
1238 2015 1327 2058 autern

226 2069 326 2128 endam,
342 2069 368 2114 in
379 2074 475 2114 nietam
494 2070 628 2127 remotam,
641 2064 748 2113 iibraare
760 2062 831 2112 teia!
849 2064 945 2127 Girrig.
980 2066 1052 2114 Nunc
1069 2067 1174 2117 comitae
1188 2070 1235 2117 triu
1253 2071 1327 2122 libro·

225 2145 283 2190 mr
294 2145 355 2180 aaut
365 2130 453 2177 librato
463 2128 592 2189 adriperet
603 2127 661 2176 cod.
673 2129 768 2177 Peter.
795 2142 857 2176 naar
871 2143 893 2178 c.
906 2133 927 2176 t.
937 2128 1045 2178 citrum
1051 2145 1061 2188 ,-
1078 2145 1140 2180 auur
1150 2131 1243 2182 aidum
1253 2135 1328 2184 ewri-

222 2195 291 2258 prrte
307 2194 467 2244 recentiores
482 2191 542 2240 edd.
561 2192 651 2242 Arntc.
668 2200 695 2242 et
712 2192 794 2241 Genu.
811 2192 880 2240 torte
898 2193 984 2242 secuti
1003 2195 1178 2256 conjecturam
1199 2197 1331 2260 Liriuei1;

225 2275 302 2372 gnam
318 2273 380 2308 vero
397 2271 448 2305 uon
462 2255 548 2304 firmat
566 2255 711 2333 ernrctoritae.
725 2257 822 2305 codieir
837 2256 951 2334 Guelpir.
968 2263 1060 2322 utpote
1074 2260 1118 2323 qui
1137 2260 1225 2322 potine
1245 2263 1328 2313 refert

226 2321 1085 2448 inritantia.initiat..‘t'titttttt'ttttii
1097 2325 1327 2442 trinitati:

225 2457 274 2500 -2
291 2450 434 2501 ‘Nonnniii
442 2448 557 2504 edidere,
570 2449 654 2511 qnippe
664 2447 853 2510 ipseserienter5
864 2449 910 2499 red
923 2463 1063 2512 pronomen
1075 2451 1134 2514 ipre,
1144 2467 1202 2502 cum
1215 2469 1273 2505 mox
1285 2470 1327 2505 re-

225 2523 324 2576 currat,
340 2515 391 2576 ipre
405 2513 519 2574 diuma
537 2521 608 2562 recte
627 2513 737 2561 omisere
752 2513 849 2562 librarii
861 2513 887 2560 in
898 2513 975 2563 codd.
987 2527 1035 2564 uec
1047 2517 1166 2565 meliores
1177 2517 1245 2580 iibri,
1256 2519 1326 2582 typir

225 2581 324 2640 nunni,
344 2581 369 2627 id
389 2575 503 2626 hebent!
519 2577 639 2626 &im
670 2577 818 2625 ‘Voculam
837 2575 901 2625 antia
920 2578 1036 2627 inntiiern
1051 2579 1102 2641 ipre
1116 2587 1174 2641 port
1185 2583 1269 2644 qnippe
1280 2596 1325 2631 ex·

225 2645 371 2706 proximor,
378 2641 433 2692 fide
441 2643 506 2690 Exc.
517 2641 591 2690 Vorr.
602 2650 629 2690 et
636 2640 750 2702 Gueiph.
762 2640 822 2689 edd.
829 2640 895 2689 Ven.
905 2639 977 2702 Arni,
989 2641 1101 2691 Froben.
1111 2644 1180 2694 sicit.
1190 2646 1260 2706 Lipe.
1269 2647 1328 2696 reli·

244 2722 405 2770 nurumque:
443 2706 522 2754 rirnna
534 2703 675 2754 Arcrurina
692 2704 718 2752 iu
743 2711 843 2754 textum
864 2704 1094 2767 temperatione
1111 2722 1143 2755 ex
1160 2709 1327 2760 aimiiitudine

225 2722 414 2833 ductnepraece
434 2769 531 2818 entium
541 2765 691 2817 literarum!
707 2767 794 2817 Arata.
823 2767 874 2817 Hae
891 2768 950 2818 dore
960 2784 1045 2831 vocer,
1060 2771 1218 2829 rtuadebuat.
1230 2773 1327 2826 abeunt

225 2837 348 2886 accdiee
367 2834 492 2883 Patauino
511 2838 538 2880 et
556 2833 620 2882 Exc.
637 2833 712 2880 Voss.
746 2833 820 2894 Mox,
834 2831 913 2883 codd.
930 2835 1004 2883 Vatt.
1024 2835 1107 2884 Perit.
1127 2840 1155 2884 et
1170 2837 1327 2890 Petraeam

224 2905 386 2964 spectatorque
403 2898 537 2947 iacentium
553 2895 684 2946 cmnmian
699 2893 804 2946 uirorum
820 2912 887 2946 oraro
907 2913 1069 2962 componerem
1086 2899 1162 2949 codd.
1172 2902 1280 2951 Veuett.
1298 2909 1327 2953 et

224 2965 337 3024 Geretph.
365 2977 419 3011 cura
439 2966 566 3023 mmor,
585 2975 637 3023 pac
659 2962 794 3010 tarentum
813 2961 944 3012 conamina
963 2963 1068 3012 atrorum
1086 2975 1154 3013 uranu
1172 2973 1327 3030 componore.

224 3030 232 3064 ‘-
246 3029 318 3078 nine
328 3041 395 3076 urna
405 3026 569 3074 derideretur
580 3026 606 3074 in
618 3025 693 3072 Voea.
703 3039 751 3073 nec
762 3027 852 3073 metior
870 3028 1013 3090 aequantia,
1025 3027 1073 3076 telo
1084 3057 1121 3077 0..
1132 3060 1140 3078 .
1151 3028 1263 3085 uidrurea
1274 3043 1325 3080 non

224 3091 342 3154 agnoscit
353 3090 466 3152 Gneiph.
478 3103 536 3138 curn
546 3095 630 3138 tannen
642 3089 774 3150 proprium
782 3087 861 3137 suerit
872 3089 931 3138 boni
940 3091 1022 3147 ducit,
1032 3098 1061 3139 nt
1070 3105 1140 3139 arma
1149 3093 1257 3142 rnilitum
1269 3101 1329 3159 terre¹

225 3161 321 3206 tarent.
355 3153 466 3204 Videad
483 3153 615 3203 Aurelium
629 3152 825 3215 Concepit:
850 3151 936 3202 Aratu.
969 3154 1035 3202 Hoec
1049 3154 1137 3212 rerba,
1152 3157 1316 3207 temeratum

223 3234 260 3277 or,
277 3220 332 3281 rip.
344 3219 368 3266 d.
378 3233 402 3268 u.
412 3232 435 3266 u.
448 3218 466 3265 ι’.
476 3215 591 3276 cibrorrr,
603 3216 725 3276 neglecta
735 3223 797 3264 runt
807 3215 884 3263 etiam
897 3230 912 3264 a
923 3216 1034 3266 librariis
1045 3218 1121 3267 codd.
1132 3219 1204 3268 Vatt.
1215 3224 1240 3269 2.
1251 3224 1277 3270 4.
1302 3236 1324 3270 rr

223 3286 281 3345 prid
291 3283 375 3338 dariae
388 3281 448 3330 edd.
461 3279 579 3344 qrraedarn
596 3277 656 3326 edd.
667 3285 731 3328 vett.
758 3279 780 3327 ri
795 3276 852 3340 quid
861 3277 960 3342 gravina
972 3277 1040 3344 conj.
1054 3281 1212 3333 Rittershue.
1237 3283 1259 3334 ri
1268 3283 1325 3346 quid

224 3345 306 3396 daune
320 3357 406 3394 omnen
418 3344 496 3393 codd.
515 3357 572 3392 curn
592 3341 653 3391 edd.
669 3342 773 3392 Puteoi.
793 3343 865 3392 1476.
883 3344 1060 3394 Venet.1498.
1072 3342 1324 3410 lips-Getarum·

224 3415 355 3462 centn-a
373 3411 430 3458 Noa
440 3409 486 3458 trit
498 3422 548 3457 taor
559 3405 672 3470 (incipit.
685 3414 711 3456 et
723 3407 784 3459 vat.
792 3411 818 3458 4.
831 3408 956 3470 probante
968 3407 1067 3474 Gierip.
1100 3411 1170 3462 ‘iun
1179 3411 1241 3462 inire
1249 3416 1326 3462 tento·

720 3567 827 3620 NOTAE

255 3684 360 3734 ‘Aratu
368 3682 528 3746 componeres]
546 3681 578 3730 Id
590 3686 755 3746 eat,aptaree
795 3681 882 3744 ganda
900 3681 1008 3731 vulnera
1030 3682 1183 3747 deficerent,
1200 3685 1325 3748 Trajauur

223 3761 374 3824 unicuique,
385 3766 414 3808 et
424 3759 575 3822 exploratae
585 3765 671 3807 utrum
682 3758 756 3821 paria
795 3769 829 3805 ne
847 3770 900 3805 aua
919 3757 1025 3819 quidem
1043 3759 1109 3806 reati
1128 3760 1259 3823 pepercit,
1276 3760 1324 3809 aed

224 3842 314 3886 carent
329 3832 499 3884 reaistendo:
527 3832 596 3898 quad
616 3834 755 3896 imperato·
796 3845 853 3880 earn
871 3837 950 3880 toturn
968 3831 994 3880 in
1010 3830 1126 3882 fomenta
1141 3840 1169 3882 at
1183 3835 1324 3896 ligamenta

221 3912 258 3963 ria
283 3911 343 3961 boni
363 3909 473 3960 officiunt
499 3925 555 3960 eree
576 3911 654 3960 docet
671 3911 755 3973 Vege-
795 3905 913 3956 dircidit.
931 3905 1106 3956 Diasoider·
1137 3908 1188 3958 Sed
1199 3909 1259 3972 qnia
1271 3909 1324 3960 bah

223 3987 283 4036 rtur.
794 3981 847 4030 ium
857 3981 984 4032 Dacicum
994 3989 1126 4045 ennoport
1138 3983 1323 4036 habitumiranc

255 4061 366 4123 ’Ξενία
381 4060 459 4125 opem]
479 4060 511 4112 In
530 4059 632 4110 Dacico
650 4059 754 4123 quidem
795 4059 938 4108 orationem
954 4059 1039 4108 altero
1058 4059 1179 4125 contigit,
1195 4061 1246 4112 aiio
1266 4073 1324 4127 par·

222 4137 290 4188 telio
308 4151 366 4185 cum
382 4142 489 4202 propter
507 4150 632 4186 creaornru
653 4142 680 4184 et
699 4136 755 4190 vul·
795 4134 879 4184 tinent
889 4135 944 4186 hau
955 4134 1044 4184 verbe.

221 4217 369 4262 uentorum
389 4224 523 4262 numerum
538 4208 626 4262 turcia
640 4210 674 4261 ad
692 4209 755 4260 obti-
