3022 4852
259 400 304 464 aa
578 415 627 462 nn
642 411 773 463 'rnrrur
797 410 1040 464 rsurorruoo

261 560 325 624 bus
345 557 446 622 etiam
469 557 682 621 remissiones
704 556 778 639 ejus
800 557 1022 639 interposuitl
1068 554 1174 620 Gravi
1196 555 1357 619 sententia

260 660 440 743 respondet
450 660 492 724 ad
505 661 577 723 haec
591 679 667 742 cap.
677 675 839 723 nxxxrr.
848 660 881 723 8.
893 666 904 694 ‘
915 657 1122 740 Voluptates
1134 659 1355 741 sunt,quibus

261 762 385 844 optime
405 760 446 823 de
468 761 631 843 cujusque
652 761 828 840 gravitate,
844 760 1032 835 sanctitate,
1049 758 1269 840 temperantia
1287 777 1357 821 cre·

260 864 357 926 ditur.
372 903 381 922 .
395 906 403 924 .
418 862 500 926 Otio
517 860 711 945 prodimur!
756 860 885 925 Deinde
901 861 1103 924 destinatum
1118 867 1168 923 est
1180 858 1246 922 hoc
1261 856 1356 921 volu·

260 984 335 1027 men
354 965 574 1045 Principibus
595 970 676 1046 post
691 962 871 1045 Trajannm
887 963 1025 1040 suturis3
1048 979 1135 1043 quos
1151 978 1357 1048 praemonere

259 1065 332 1148 ejus
354 1071 473 1130 auctor
494 1065 614 1142 voluit,
631 1085 698 1149 qua
715 1065 769 1129 via
788 1065 830 1128 ad
850 1083 961 1128 reram
985 1064 1196 1146 solidamque
1218 1062 1358 1144 gloriam

260 1168 471 1230 eniterentur.
542 1166 611 1229 Eos
645 1186 723 1232 vero
754 1168 862 1247 magis
896 1167 997 1230 etiam
1028 1167 1207 1229 movebunt
1240 1163 1358 1246 optimi

260 1267 430 1349 Principis
449 1267 565 1330 laudes
585 1273 619 1330 et
634 1269 784 1342 virtutes,
797 1268 826 1330 si
840 1286 897 1329 eas
918 1267 1074 1348 gravibus
1090 1265 1269 1342 sententiis,
1285 1271 1356 1328 tan-

260 1387 360 1449 quam
377 1387 439 1431 suo
454 1369 684 1444 fundamento,
700 1369 799 1430 inniti
816 1367 966 1431 viderint.
1007 1365 1142 1444 Quodsi
1157 1366 1206 1428 illi
1222 1384 1358 1428 suornm

260 1487 372 1531 mores
388 1469 430 1533 ad
446 1471 604 1551 pietatem
622 1473 655 1530 et
669 1467 875 1544 honestatem
892 1467 1033 1530 formare
1046 1466 1197 1547 cupiunt,
1210 1462 1359 1549 proderit

259 1571 344 1633 inter
359 1570 486 1632 similes
501 1569 637 1652 Trajani
652 1587 754 1632 curas
770 1588 798 1631 c.
813 1585 902 1630 xcv.
914 1569 947 1632 6.
962 1570 1084 1632 ethaeo
1099 1568 1229 1649 legere:
1253 1563 1360 1630 ‘Vita

260 1670 429 1752 Principis
452 1688 597 1751 censura
612 1679 675 1746 est,
691 1689 798 1752 eaque
815 1678 993 1751 perpetua:
1017 1669 1059 1732 ad
1075 1668 1162 1732 hanc
1176 1665 1358 1748 dirigimur,

261 1771 305 1833 ad
330 1770 415 1836 hanc
442 1771 680 1834 convertimur:
709 1761 865 1833 nectam
892 1771 1031 1852 imperio
1058 1769 1155 1833 nobis
1181 1787 1267 1850 opus
1295 1773 1359 1844 est,

262 1891 362 1953 quam
378 1872 546 1954 exemplo.
587 1871 725 1956 Quippe
742 1872 886 1935 infidelis
902 1873 985 1936 recti
1004 1873 1161 1952 magister
1175 1877 1225 1935 est
1240 1875 1359 1933 metus.

260 1971 385 2036 Melius
409 1972 557 2036 homines
578 1973 747 2056 exemplis
768 1965 940 2048 docentur,
957 1993 1032 2056 quae
1053 1973 1086 2035 in
1107 1973 1222 2054 primis
1241 1970 1304 2034 hoc
1324 1972 1360 2033 in

261 2093 298 2138 se
326 2075 405 2136 boni
435 2074 569 2145 habent,
597 2073 687 2155 qnod
715 2075 917 2156 approbant,
942 2079 1019 2156 quaa
1046 2075 1261 2157 praecipiunt,
1286 2071 1361 2136 fieri

259 2175 384 2258 posse!
429 2175 499 2238 Hic
521 2193 587 2237 non
609 2176 741 2239 brevem
758 2176 918 2258 interjicit
933 2175 1143 2252 sententiam,
1160 2175 1234 2251 sed,
1250 2181 1361 2237 sumta

260 2274 503 2358 propemodum
529 2277 677 2356 magistri
705 2296 861 2359 persona,
887 2277 929 2340 de
954 2277 1185 2360 exemplorum
1207 2273 1361 2339 efficacia

261 2377 418 2440 disserit:
445 2375 484 2440 Si
500 2377 602 2440 iidem
615 2391 774 2460 spernant
790 2384 879 2442 recte
890 2378 1046 2468 faciendo
1058 2396 1194 2442 suornm
1210 2393 1361 2439 amorem

241 2488 244 2492 ’
262 2495 419 2559 quaerere,
435 2473 614 2560 putentque
629 2479 810 2542 satellitum
827 2499 864 2544 se
880 2499 979 2542 manu
995 2481 1077 2542 satis
1090 2479 1161 2543 fore
1176 2484 1280 2552 tutoS,
1293 2473 1360 2539 non

259 2577 360 2640 modo
383 2597 401 2640 e
422 2577 560 2661 Trajani
576 2581 743 2660 exemplo,
760 2579 819 2643 sed
834 2580 934 2644 simul
949 2581 1049 2643 etiam
1066 2599 1084 2642 e
1100 2557 1204 2641 Prrin
1221 2565 1359 2640 monitis

260 2697 335 2759 cap.
352 2694 465 2741 xnrx.
484 2681 516 2742 3.
533 2682 645 2742 omnia
662 2681 730 2744 alia
746 2687 972 2761 cognoscant:
996 2687 1007 2718 ‘
1016 2679 1199 2743 Fidissima
1214 2684 1268 2741 est
1283 2695 1361 2740 cus·

260 2779 354 2842 todia
368 2779 536 2860 Principis
553 2781 661 2862 ipsius
678 2783 891 2846 innocentia
922 2781 1012 2845 Haec
1025 2799 1086 2843 arx
1097 2779 1284 2854 inaccessa,
1296 2776 1361 2842 hoc

259 2881 522 2959 inexpugnabile
534 2882 996 2958 munimentum,munimento
1008 2899 1073 2943 non
1086 2899 1192 2961 egere.
1225 2879 1361 2944 Frustra

261 2997 299 3042 se
314 2987 437 3043 terrore
452 2969 666 3058 succinxerit,
681 2984 739 3064 qni
752 2989 868 3065 septus
884 2983 1023 3045 caritate
1038 3000 1102 3044 non
1117 2979 1237 3059 fuerit;
1260 2981 1362 3044 armis

262 3081 352 3144 enim
378 3100 470 3145 arma
500 3082 686 3146 irritantur.'
738 3082 1023 3147 Immortalitatem
1050 3081 1195 3145 nominis
1224 3079 1363 3162 quidam

261 3190 416 3266 quaerunt
442 3184 587 3248 arcubus
618 3188 652 3246 ct
680 3184 823 3264 statuis3
855 3202 941 3264 quos
971 3183 1113 3246 honores
1139 3181 1299 3256 caducos,
1322 3189 1362 3246 nt

260 3282 361 3348 decet
382 3284 583 3367 sapientem,
598 3304 675 3366 cap.
691 3301 750 3346 nv.
764 3287 796 3348 9.
813 3285 907 3366 parvi
920 3285 1001 3348 fecit
1020 3281 1199 3364 Trajanus.
1222 3277 1361 3346 ‘Arcus¹

262 3385 349 3448 enim
374 3390 409 3447 et
432 3390 573 3459 statuas,
593 3403 670 3447 aras
696 3385 796 3447 etiam
824 3385 1019 3465 templaque
1044 3383 1222 3447 demolitur
1243 3390 1279 3446 et
1300 3384 1362 3446 ob·

261 3491 374 3549 scurat
398 3485 537 3559 oblivio,
552 3484 688 3566 negligit
709 3485 884 3566 carpitque
908 3485 1107 3566 posteritas:
1133 3489 1260 3560 contra,
1281 3483 1360 3548 con·¹

261 3579 379 3650 temtor
394 3585 599 3659 ambitionis,
611 3591 644 3649 et
658 3584 796 3649 infinitae
808 3569 986 3668 potestatis
999 3584 1138 3649 domitor
1152 3604 1192 3647 ac
1208 3585 1362 3650 fraenatos

262 3687 395 3754 animus
419 3685 494 3767 ipsa
515 3690 683 3750 vetustate
703 3684 872 3749 florescit!
916 3686 1041 3750 Putant
1058 3685 1218 3762 nonnulli,
1233 3685 1361 3766 flagitia

229 3807 235 3815 ·
261 3807 324 3852 sua
346 3789 447 3850 mutis
470 3777 697 3852 cubiculorum
721 3808 857 3853 snorum
882 3788 1065 3872 parietibus
1088 3787 1219 3852 inclusa
1241 3788 1360 3866 teneri;

262 3889 321 3952 sed
336 3889 467 3970 egregie
481 3908 518 3952 se
534 3889 605 3952 falli
621 3875 822 3972 cognoscere
841 3895 984 3972 possunt
1007 3908 1026 3952 e
1043 3906 1119 3969 cap.
1138 3903 1315 3950 nxxxrrr.
1327 3888 1359 3948 1.

263 3988 472 4053 ‘Habcthoc
488 3991 630 4071 primum
643 4009 763 4071 magna
775 3990 919 4066 fortuna,
931 3989 1023 4072 qnod
1039 3989 1119 4051 nihil
1134 3994 1265 4065 tectum,
1276 3987 1360 4052 nihil

196 4094 198 4101 ’
264 4089 433 4154 occultum
448 4109 523 4154 esse
538 4091 682 4173 patitur:
708 4090 901 4174 Principum
924 4109 1010 4178 vero·
1024 4109 1089 4152 uon
1109 4088 1209 4153 modo
1228 4089 1359 4164 domos,

263 4191 324 4255 sed
342 4185 599 4274 cubicula'ipsa,
618 4192 819 4275 intimosque
842 4211 996 4257 secessus
1012 4191 1161 4269 recludit,
1178 4193 1360 4274 omniaque

344 4315 352 4348 ,
1180 4319 1182 4324 ,
1287 4320 1291 4326 ,
