<?xml version="1.0" encoding="UTF-8"?>
<!DOCTYPE html PUBLIC "-//W3C//DTD XHTML 1.0 Transitional//EN"
    "http://www.w3.org/TR/xhtml1/DTD/xhtml1-transitional.dtd">
<html xmlns="http://www.w3.org/1999/xhtml" xml:lang="en" lang="en">
 <head>
  <title>
</title>
<meta http-equiv="Content-Type" content="text/html;charset=utf-8" />
  <meta name='ocr-system' content='tesseract 3.04.00' />
  <meta name='ocr-capabilities' content='ocr_page ocr_carea ocr_par ocr_line ocrx_word'/>
</head>
<body>
  <div class='ocr_page' id='page_1' title='image "./panegyriciveter02baungoog_0334.png"; bbox 0 0 3088 4848; ppageno 0'>
   <div class='ocr_carea' id='block_1_1' title="bbox 512 368 1316 434">
    <p class='ocr_par' dir='ltr' id='par_1_1' title="bbox 512 368 1316 434">
     <span class='ocr_line' id='line_1_1' title="bbox 512 368 1316 434; baseline 0.009 -7"><span class='ocrx_word' id='word_1_1' title='bbox 512 393 522 410; x_wconf 61' lang='grc' dir='ltr'><em>ι</em></span> <span class='ocrx_word' id='word_1_2' title='bbox 557 373 837 428; x_wconf 71' lang='lat' dir='ltr'><strong>usuucumcus.</strong></span> <span class='ocrx_word' id='word_1_3' title='bbox 883 376 908 428; x_wconf 91' lang='lat'><strong>1.</strong></span> <span class='ocrx_word' id='word_1_4' title='bbox 930 368 984 432; x_wconf 85' lang='grc'><strong>79.</strong></span> <span class='ocrx_word' id='word_1_5' title='bbox 1250 369 1316 434; x_wconf 77' lang='lat'><strong>327</strong></span> 
     </span>
    </p>
   </div>
   <div class='ocr_carea' id='block_1_2' title="bbox 211 519 1398 2320">
    <p class='ocr_par' dir='ltr' id='par_1_2' title="bbox 211 519 1398 2320">
     <span class='ocr_line' id='line_1_2' title="bbox 223 519 1314 601; baseline 0.001 -11"><span class='ocrx_word' id='word_1_6' title='bbox 223 543 311 590; x_wconf 86' lang='lat' dir='ltr'><strong>mus.</strong></span> <span class='ocrx_word' id='word_1_7' title='bbox 352 522 386 588; x_wconf 81' lang='lat'><strong>2.</strong></span> <span class='ocrx_word' id='word_1_8' title='bbox 409 519 599 587; x_wconf 87' lang='lat' dir='ltr'><strong>Remissius</strong></span> <span class='ocrx_word' id='word_1_9' title='bbox 623 520 711 584; x_wconf 88' lang='lat' dir='ltr'><strong>istud</strong></span> <span class='ocrx_word' id='word_1_10' title='bbox 739 523 1041 601; x_wconf 66' lang='lat' dir='ltr'><strong>contenderemus:</strong></span> <span class='ocrx_word' id='word_1_11' title='bbox 1062 525 1092 588; x_wconf 85' lang='lat' dir='ltr'><strong>si</strong></span> <span class='ocrx_word' id='word_1_12' title='bbox 1118 524 1227 591; x_wconf 82' lang='lat' dir='ltr'><strong>adbuc</strong></span> <span class='ocrx_word' id='word_1_13' title='bbox 1248 544 1314 591; x_wconf 88' lang='lat' dir='ltr'><strong>uun</strong></span> 
     </span>
     <span class='ocr_line' id='line_1_3' title="bbox 224 622 1315 711; baseline 0.001 -21"><span class='ocrx_word' id='word_1_14' title='bbox 224 629 386 692; x_wconf 84' lang='lat' dir='ltr'><strong>sciremus</strong></span> <span class='ocrx_word' id='word_1_15' title='bbox 412 622 521 706; x_wconf 86' lang='lat' dir='ltr'><strong>quetis</strong></span> <span class='ocrx_word' id='word_1_16' title='bbox 535 641 627 686; x_wconf 88' lang='lat' dir='ltr'><strong>esses</strong></span> <span class='ocrx_word' id='word_1_17' title='bbox 644 623 781 690; x_wconf 82' lang='lat' dir='ltr'><strong>iuturus.</strong></span> <span class='ocrx_word' id='word_1_18' title='bbox 824 622 1069 689; x_wconf 81' lang='lat' dir='ltr'><strong>Tolerabilius¹</strong></span> <span class='ocrx_word' id='word_1_19' title='bbox 1090 626 1163 704; x_wconf 86' lang='lat' dir='ltr'><strong>fuit,</strong></span> <span class='ocrx_word' id='word_1_20' title='bbox 1185 629 1315 711; x_wconf 86' lang='lat' dir='ltr'><strong>experi-</strong></span> 
     </span>
     <span class='ocr_line' id='line_1_4' title="bbox 223 724 1315 808; baseline -0.002 -14"><span class='ocrx_word' id='word_1_21' title='bbox 223 735 372 795; x_wconf 89' lang='lat' dir='ltr'><strong>mentum</strong></span> <span class='ocrx_word' id='word_1_22' title='bbox 391 726 439 790; x_wconf 91' lang='lat' dir='ltr'><strong>tui</strong></span> <span class='ocrx_word' id='word_1_23' title='bbox 458 724 569 797; x_wconf 88' lang='lat' dir='ltr'><strong>nobis,</strong></span> <span class='ocrx_word' id='word_1_24' title='bbox 585 743 687 808; x_wconf 86' lang='lat' dir='ltr'><strong>quem</strong></span> <span class='ocrx_word' id='word_1_25' title='bbox 702 743 808 802; x_wconf 87' lang='lat' dir='ltr'><strong>usum,</strong></span> <span class='ocrx_word' id='word_1_26' title='bbox 824 727 945 805; x_wconf 75' lang='lat' dir='ltr'><strong>negari.</strong></span> <span class='ocrx_word' id='word_1_27' title='bbox 988 725 1021 788; x_wconf 85' lang='lat'><strong>3.</strong></span> <span class='ocrx_word' id='word_1_28' title='bbox 1045 727 1230 790; x_wconf 84' lang='lat' dir='ltr'><strong>Dabitume</strong></span> <span class='ocrx_word' id='word_1_29' title='bbox 1245 747 1315 793; x_wconf 85' lang='lat' dir='ltr'><strong>rur-</strong></span> 
     </span>
     <span class='ocr_line' id='line_1_5' title="bbox 223 823 1316 911; baseline -0.001 -17"><span class='ocrx_word' id='word_1_30' title='bbox 223 849 282 894; x_wconf 89' lang='lat' dir='ltr'><strong>sus</strong></span> <span class='ocrx_word' id='word_1_31' title='bbox 299 827 409 892; x_wconf 85' lang='lat' dir='ltr'><strong>videre</strong></span> <span class='ocrx_word' id='word_1_32' title='bbox 431 823 603 889; x_wconf 89' lang='lat' dir='ltr'><strong>consulem</strong></span> <span class='ocrx_word' id='word_1_33' title='bbox 617 823 735 888; x_wconf 86' lang='lat' dir='ltr'><strong>illum&#39;l</strong></span> <span class='ocrx_word' id='word_1_34' title='bbox 779 823 929 903; x_wconf 74' lang='lat' dir='ltr'><strong>Audiet,³&#39;</strong></span> <span class='ocrx_word' id='word_1_35' title='bbox 952 828 1079 904; x_wconf 87' lang='lat' dir='ltr'><strong>reddet,</strong></span> <span class='ocrx_word' id='word_1_36' title='bbox 1094 846 1180 910; x_wconf 83' lang='lat' dir='ltr'><strong>ques</strong></span> <span class='ocrx_word' id='word_1_37' title='bbox 1200 831 1316 911; x_wconf 89' lang='lat' dir='ltr'><strong>proxi·</strong></span> 
     </span>
     <span class='ocr_line' id='line_1_6' title="bbox 222 925 1315 1011; baseline -0.004 -17"><span class='ocrx_word' id='word_1_38' title='bbox 222 950 287 1008; x_wconf 91' lang='lat' dir='ltr'><strong>me,</strong></span> <span class='ocrx_word' id='word_1_39' title='bbox 302 947 427 1005; x_wconf 85' lang='lat' dir='ltr'><strong>voces3</strong></span> <span class='ocrx_word' id='word_1_40' title='bbox 443 925 681 1009; x_wconf 71' lang='lat' dir='ltr'><strong>praestabitque</strong></span> <span class='ocrx_word' id='word_1_41' title='bbox 693 927 864 1007; x_wconf 78' lang='lat' dir='ltr'><strong>gaudium,</strong></span> <span class='ocrx_word' id='word_1_42' title='bbox 874 933 1035 1010; x_wconf 82' lang='lat' dir='ltr'><strong>quantum</strong></span> <span class='ocrx_word' id='word_1_43' title='bbox 1048 929 1122 1010; x_wconf 90' lang='lat' dir='ltr'><strong>ipse</strong></span> <span class='ocrx_word' id='word_1_44' title='bbox 1133 929 1315 1011; x_wconf 84' lang='lat' dir='ltr'><strong>percipiett</strong></span> 
     </span>
     <span class='ocr_line' id='line_1_7' title="bbox 223 1025 1316 1111; baseline -0.002 -16"><span class='ocrx_word' id='word_1_45' title='bbox 223 1029 425 1095; x_wconf 87' lang='lat' dir='ltr'><strong>Pieesidebit</strong></span> <span class='ocrx_word' id='word_1_46' title='bbox 438 1025 568 1091; x_wconf 84' lang='lat' dir='ltr'><strong>lectitiae</strong></span> <span class='ocrx_word' id='word_1_47' title='bbox 583 1025 741 1109; x_wconf 78' lang='lat' dir='ltr'><strong>publice,</strong></span> <span class='ocrx_word' id='word_1_48' title='bbox 758 1033 874 1092; x_wconf 81' lang='lat' dir='ltr'>auctor</span> <span class='ocrx_word' id='word_1_49' title='bbox 888 1027 962 1111; x_wconf 86' lang='lat' dir='ltr'><strong>ejus</strong></span> <span class='ocrx_word' id='word_1_50' title='bbox 978 1037 1012 1093; x_wconf 87' lang='lat' dir='ltr'><strong>et</strong></span> <span class='ocrx_word' id='word_1_51' title='bbox 1027 1030 1153 1094; x_wconf 80' lang='lat' dir='ltr'><strong>causet</strong></span> <span class='ocrx_word' id='word_1_52' title='bbox 1187 1028 1316 1093; x_wconf 79' lang='lat' dir='ltr'><strong>Teuta·</strong></span> 
     </span>
     <span class='ocr_line' id='line_1_8' title="bbox 221 1127 1315 1215; baseline -0.004 -19"><span class='ocrx_word' id='word_1_53' title='bbox 221 1134 339 1215; x_wconf 92' lang='lat' dir='ltr'><strong>bitque</strong></span> <span class='ocrx_word' id='word_1_54' title='bbox 368 1127 508 1192; x_wconf 84' lang='lat' dir='ltr'><strong>affectus</strong></span> <span class='ocrx_word' id='word_1_55' title='bbox 533 1133 676 1204; x_wconf 84' lang='lat' dir='ltr'><strong>nostres,</strong></span> <span class='ocrx_word' id='word_1_56' title='bbox 699 1134 737 1190; x_wconf 89' lang='lat' dir='ltr'><strong>ut</strong></span> <span class='ocrx_word' id='word_1_57' title='bbox 756 1129 852 1204; x_wconf 89' lang='lat' dir='ltr'><strong>solet,</strong></span> <span class='ocrx_word' id='word_1_58' title='bbox 882 1128 1062 1208; x_wconf 79' lang='lat' dir='ltr'><strong>cohibere3</strong></span> <span class='ocrx_word' id='word_1_59' title='bbox 1086 1149 1147 1194; x_wconf 91' lang='lat' dir='ltr'><strong>nec</strong></span> <span class='ocrx_word' id='word_1_60' title='bbox 1168 1129 1315 1213; x_wconf 77' lang='lat' dir='ltr'><strong>pcteu&#39;ti</strong></span> 
     </span>
     <span class='ocr_line' id='line_1_9' title="bbox 219 1228 1315 1314; baseline -0.005 -14"><span class='ocrx_word' id='word_1_61' title='bbox 219 1235 253 1300; x_wconf 78' lang='lat'><strong>4.</strong></span> <span class='ocrx_word' id='word_1_62' title='bbox 278 1229 402 1296; x_wconf 82' lang='lat' dir='ltr'><strong>Pietati</strong></span> <span class='ocrx_word' id='word_1_63' title='bbox 418 1233 554 1292; x_wconf 80' lang='lat' dir='ltr'><strong>senatus</strong></span> <span class='ocrx_word' id='word_1_64' title='bbox 569 1247 645 1291; x_wconf 91' lang='lat' dir='ltr'><strong>cum</strong></span> <span class='ocrx_word' id='word_1_65' title='bbox 658 1228 825 1293; x_wconf 81' lang='lat' dir='ltr'><strong>modestia</strong></span> <span class='ocrx_word' id='word_1_66' title='bbox 834 1230 995 1313; x_wconf 83' lang='lat' dir='ltr'><strong>principis</strong></span> <span class='ocrx_word' id='word_1_67' title='bbox 1008 1231 1091 1294; x_wconf 82' lang='lat' dir='ltr'>felix</span> <span class='ocrx_word' id='word_1_68' title='bbox 1104 1233 1315 1314; x_wconf 88' lang='lat' dir='ltr'><strong>speciosum·</strong></span> 
     </span>
     <span class='ocr_line' id='line_1_10' title="bbox 218 1328 1314 1419; baseline -0.003 -22"><span class='ocrx_word' id='word_1_69' title='bbox 218 1351 285 1419; x_wconf 86' lang='lat' dir='ltr'><strong>que</strong></span> <span class='ocrx_word' id='word_1_70' title='bbox 299 1337 471 1407; x_wconf 82' lang='lat' dir='ltr'><strong>certamen,</strong></span> <span class='ocrx_word' id='word_1_71' title='bbox 486 1347 545 1392; x_wconf 90' lang='lat' dir='ltr'><strong>seu</strong></span> <span class='ocrx_word' id='word_1_72' title='bbox 560 1328 659 1392; x_wconf 79' lang='lat' dir='ltr'><strong>fuerit</strong></span> <span class='ocrx_word' id='word_1_73' title='bbox 670 1329 770 1406; x_wconf 84' lang='lat' dir='ltr'><strong>victa,</strong></span> <span class='ocrx_word' id='word_1_74' title='bbox 785 1348 845 1393; x_wconf 84' lang='lat' dir='ltr'><strong>seu</strong></span> <span class='ocrx_word' id='word_1_75' title='bbox 861 1331 989 1394; x_wconf 81' lang='lat' dir='ltr'><strong>vicerit.</strong></span> <span class='ocrx_word' id='word_1_76' title='bbox 1026 1332 1191 1416; x_wconf 86' lang='lat' dir='ltr'><strong>Equidem</strong></span> <span class='ocrx_word' id='word_1_77' title='bbox 1202 1333 1314 1414; x_wconf 79' lang='lat' dir='ltr'><strong>incog-</strong></span> 
     </span>
     <span class='ocr_line' id='line_1_11' title="bbox 218 1429 1312 1516; baseline -0.005 -17"><span class='ocrx_word' id='word_1_78' title='bbox 218 1437 324 1499; x_wconf 83' lang='lat' dir='ltr'><strong>nitam</strong></span> <span class='ocrx_word' id='word_1_79' title='bbox 339 1431 521 1516; x_wconf 85' lang='lat' dir='ltr'><strong>quandam,</strong></span> <span class='ocrx_word' id='word_1_80' title='bbox 544 1429 764 1512; x_wconf 81' lang='lat' dir='ltr'><strong>proximeque</strong></span> <span class='ocrx_word' id='word_1_81' title='bbox 786 1431 943 1514; x_wconf 81' lang='lat' dir='ltr'><strong>majorem</strong></span> <span class='ocrx_word' id='word_1_82' title='bbox 964 1449 1133 1514; x_wconf 86' lang='lat' dir='ltr'><strong>praesumo</strong></span> <span class='ocrx_word' id='word_1_83' title='bbox 1148 1431 1312 1496; x_wconf 76' lang='lat' dir='ltr'><strong>betilium.</strong></span> 
     </span>
     <span class='ocr_line' id='line_1_12' title="bbox 215 1532 1313 1615; baseline -0.004 -15"><span class='ocrx_word' id='word_1_84' title='bbox 215 1535 310 1615; x_wconf 81' lang='lat' dir='ltr'><strong>Quis</strong></span> <span class='ocrx_word' id='word_1_85' title='bbox 325 1535 413 1598; x_wconf 89' lang='lat' dir='ltr'><strong>euim</strong></span> <span class='ocrx_word' id='word_1_86' title='bbox 428 1540 482 1596; x_wconf 91' lang='lat' dir='ltr'><strong>est</strong></span> <span class='ocrx_word' id='word_1_87' title='bbox 496 1537 565 1596; x_wconf 82' lang='lat' dir='ltr'><strong>tam</strong></span> <span class='ocrx_word' id='word_1_88' title='bbox 578 1532 738 1596; x_wconf 79' lang='lat' dir='ltr'><strong>imbecilli</strong></span> <span class='ocrx_word' id='word_1_89' title='bbox 751 1532 898 1613; x_wconf 81' lang='lat' dir='ltr'><strong>ingenio,</strong></span> <span class='ocrx_word' id='word_1_90' title='bbox 920 1532 975 1614; x_wconf 91' lang='lat' dir='ltr'><strong>qui</strong></span> <span class='ocrx_word' id='word_1_91' title='bbox 997 1552 1061 1597; x_wconf 88' lang='lat' dir='ltr'><strong>non</strong></span> <span class='ocrx_word' id='word_1_92' title='bbox 1084 1538 1178 1596; x_wconf 73' lang='lat' dir='ltr'><strong>tento</strong></span> <span class='ocrx_word' id='word_1_93' title='bbox 1195 1533 1313 1596; x_wconf 88' lang='lat' dir='ltr'><strong>melic-</strong></span> 
     </span>
     <span class='ocr_line' id='line_1_13' title="bbox 218 1631 1311 1717; baseline -0.005 -15"><span class='ocrx_word' id='word_1_94' title='bbox 218 1657 286 1702; x_wconf 83' lang='lat' dir='ltr'><strong>rem</strong></span> <span class='ocrx_word' id='word_1_95' title='bbox 298 1633 466 1700; x_wconf 85' lang='lat' dir='ltr'><strong>consulem</strong></span> <span class='ocrx_word' id='word_1_96' title='bbox 483 1639 604 1717; x_wconf 82' lang='lat' dir='ltr'><strong>speret,</strong></span> <span class='ocrx_word' id='word_1_97' title='bbox 618 1637 745 1716; x_wconf 83' lang='lat' dir='ltr'><strong>quanto</strong></span> <span class='ocrx_word' id='word_1_98' title='bbox 761 1633 888 1716; x_wconf 80' lang='lat' dir='ltr'><strong>saepius</strong></span> <span class='ocrx_word' id='word_1_99' title='bbox 902 1631 1026 1696; x_wconf 79' lang='lat' dir='ltr'><strong>fueriti</strong></span> <span class='ocrx_word' id='word_1_100' title='bbox 1056 1634 1088 1697; x_wconf 78' lang='grc'><strong>5.</strong></span> <span class='ocrx_word' id='word_1_101' title='bbox 1112 1632 1208 1696; x_wconf 79' lang='lat' dir='ltr'><strong>Alius</strong></span> <span class='ocrx_word' id='word_1_102' title='bbox 1218 1632 1311 1698; x_wconf 83' lang='lat' dir='ltr'><strong>lebo-</strong></span> 
     </span>
     <span class='ocr_line' id='line_1_14' title="bbox 215 1733 1311 1817; baseline -0.003 -15"><span class='ocrx_word' id='word_1_103' title='bbox 215 1755 283 1814; x_wconf 79' lang='lat' dir='ltr'><strong>ues,</strong></span> <span class='ocrx_word' id='word_1_104' title='bbox 298 1738 328 1800; x_wconf 85' lang='lat' dir='ltr'><strong>si</strong></span> <span class='ocrx_word' id='word_1_105' title='bbox 348 1755 415 1800; x_wconf 87' lang='lat' dir='ltr'><strong>non</strong></span> <span class='ocrx_word' id='word_1_106' title='bbox 435 1733 593 1798; x_wconf 88' lang='lat' dir='ltr'><strong>continuo</strong></span> <span class='ocrx_word' id='word_1_107' title='bbox 611 1753 648 1796; x_wconf 88' lang='lat' dir='ltr'><strong>se</strong></span> <span class='ocrx_word' id='word_1_108' title='bbox 667 1733 809 1797; x_wconf 86' lang='lat' dir='ltr'><strong>desidiae</strong></span> <span class='ocrx_word' id='word_1_109' title='bbox 825 1753 866 1797; x_wconf 85' lang='lat' dir='ltr'><strong>ec</strong></span> <span class='ocrx_word' id='word_1_110' title='bbox 881 1733 1049 1817; x_wconf 82' lang='lat' dir='ltr'><strong>uoluptati</strong></span> <span class='ocrx_word' id='word_1_111' title='bbox 1064 1733 1219 1812; x_wconf 88' lang='lat' dir='ltr'><strong>dedisset,</strong></span> <span class='ocrx_word' id='word_1_112' title='bbox 1240 1737 1311 1799; x_wconf 85' lang='lat' dir='ltr'><strong>otio</strong></span> 
     </span>
     <span class='ocr_line' id='line_1_15' title="bbox 211 1833 1312 1918; baseline -0.003 -14"><span class='ocrx_word' id='word_1_113' title='bbox 211 1847 332 1904; x_wconf 82' lang='lat' dir='ltr'><strong>tamen</strong></span> <span class='ocrx_word' id='word_1_114' title='bbox 357 1843 391 1899; x_wconf 88' lang='lat' dir='ltr'><strong>et</strong></span> <span class='ocrx_word' id='word_1_115' title='bbox 411 1835 526 1918; x_wconf 86' lang='lat' dir='ltr'><strong>quiete</strong></span> <span class='ocrx_word' id='word_1_116' title='bbox 546 1841 751 1900; x_wconf 77' lang='lat' dir='ltr'><strong>recreasset:</strong></span> <span class='ocrx_word' id='word_1_117' title='bbox 773 1835 839 1908; x_wconf 85' lang='lat' dir='ltr'><strong>hic,</strong></span> <span class='ocrx_word' id='word_1_118' title='bbox 861 1833 1095 1898; x_wconf 82' lang='lat' dir='ltr'><strong>consularibus</strong></span> <span class='ocrx_word' id='word_1_119' title='bbox 1109 1835 1198 1898; x_wconf 84' lang='lat' dir='ltr'><strong>curis</strong></span> <span class='ocrx_word' id='word_1_120' title='bbox 1213 1854 1312 1901; x_wconf 86' lang='lat' dir='ltr'><strong>exsu-</strong></span> 
     </span>
     <span class='ocr_line' id='line_1_16' title="bbox 217 1925 1398 2018; baseline -0.003 -14"><span class='ocrx_word' id='word_1_121' title='bbox 217 1941 320 2014; x_wconf 87' lang='lat' dir='ltr'><strong>lutus,</strong></span> <span class='ocrx_word' id='word_1_122' title='bbox 336 1925 539 2018; x_wconf 84' lang='lat' dir='ltr'><strong>priucipales</strong></span> <span class='ocrx_word' id='word_1_123' title='bbox 558 1936 737 2014; x_wconf 80' lang='lat' dir='ltr'><strong>resumsit3</strong></span> <span class='ocrx_word' id='word_1_124' title='bbox 759 1941 826 2000; x_wconf 80' lang='lat' dir='ltr'><strong>tem</strong></span> <span class='ocrx_word' id='word_1_125' title='bbox 843 1935 984 2016; x_wconf 85' lang='lat' dir='ltr'><strong>diligens</strong></span> <span class='ocrx_word' id='word_1_126' title='bbox 1000 1937 1261 2016; x_wconf 78' lang='lat' dir='ltr'><strong>temperamenti,</strong></span> <span class='ocrx_word' id='word_1_127' title='bbox 1278 1945 1313 2002; x_wconf 90' lang='lat' dir='ltr'><strong>ut</strong></span> <span class='ocrx_word' id='word_1_128' title='bbox 1396 1961 1398 1966; x_wconf 94' lang='lat'>·</span> 
     </span>
     <span class='ocr_line' id='line_1_17' title="bbox 216 2033 1311 2120; baseline -0.003 -17"><span class='ocrx_word' id='word_1_129' title='bbox 216 2057 280 2103; x_wconf 89' lang='lat' dir='ltr'><strong>uec</strong></span> <span class='ocrx_word' id='word_1_130' title='bbox 295 2035 444 2102; x_wconf 88' lang='lat' dir='ltr'><strong>consulis</strong></span> <span class='ocrx_word' id='word_1_131' title='bbox 458 2033 604 2101; x_wconf 89' lang='lat' dir='ltr'><strong>officium</strong></span> <span class='ocrx_word' id='word_1_132' title='bbox 620 2037 796 2120; x_wconf 83' lang='lat' dir='ltr'><strong>princeps3</strong></span> <span class='ocrx_word' id='word_1_133' title='bbox 818 2056 881 2100; x_wconf 92' lang='lat' dir='ltr'><strong>uec</strong></span> <span class='ocrx_word' id='word_1_134' title='bbox 893 2035 1054 2119; x_wconf 87' lang='lat' dir='ltr'><strong>principis</strong></span> <span class='ocrx_word' id='word_1_135' title='bbox 1069 2037 1196 2113; x_wconf 90' lang='lat' dir='ltr'><strong>consul,</strong></span> <span class='ocrx_word' id='word_1_136' title='bbox 1209 2055 1311 2120; x_wconf 83' lang='lat' dir='ltr'><strong>eppe·</strong></span> 
     </span>
     <span class='ocr_line' id='line_1_18' title="bbox 216 2128 1310 2220; baseline -0.002 -16"><span class='ocrx_word' id='word_1_137' title='bbox 216 2137 322 2204; x_wconf 70' lang='lat' dir='ltr'><strong>teret*</strong></span> <span class='ocrx_word' id='word_1_138' title='bbox 364 2138 397 2199; x_wconf 89' lang='grc'><strong>6.</strong></span> <span class='ocrx_word' id='word_1_139' title='bbox 421 2133 595 2206; x_wconf 85' lang='lat' dir='ltr'><strong>Videmus,</strong></span> <span class='ocrx_word' id='word_1_140' title='bbox 609 2143 648 2198; x_wconf 90' lang='lat' dir='ltr'><strong>ut</strong></span> <span class='ocrx_word' id='word_1_141' title='bbox 660 2138 904 2219; x_wconf 83' lang='lat' dir='ltr'><strong>provinciarum</strong></span> <span class='ocrx_word' id='word_1_142' title='bbox 921 2135 1105 2212; x_wconf 75' lang='lat' dir='ltr'><strong>desideriiS,</strong></span> <span class='ocrx_word' id='word_1_143' title='bbox 1117 2145 1155 2200; x_wconf 90' lang='lat' dir='ltr'><strong>ut</strong></span> <span class='ocrx_word' id='word_1_144' title='bbox 1166 2128 1310 2220; x_wconf 61' lang='lat' dir='ltr'><strong>singuless</strong></span> 
     </span>
     <span class='ocr_line' id='line_1_19' title="bbox 215 2234 1311 2320; baseline 0 -16"><span class='ocrx_word' id='word_1_145' title='bbox 215 2259 290 2304; x_wconf 83' lang='lat' dir='ltr'><strong>rum</strong></span> <span class='ocrx_word' id='word_1_146' title='bbox 304 2237 410 2301; x_wconf 82' lang='lat' dir='ltr'><strong>etiem</strong></span> <span class='ocrx_word' id='word_1_147' title='bbox 425 2234 601 2300; x_wconf 82' lang='lat' dir='ltr'><strong>civitatum</strong></span> <span class='ocrx_word' id='word_1_148' title='bbox 613 2237 781 2320; x_wconf 87' lang='lat' dir='ltr'><strong>precibus,</strong></span> <span class='ocrx_word' id='word_1_149' title='bbox 797 2245 964 2302; x_wconf 82' lang='lat' dir='ltr'><strong>occurrat.</strong></span> <span class='ocrx_word' id='word_1_150' title='bbox 1010 2236 1117 2301; x_wconf 82' lang='lat' dir='ltr'><strong>Nulla</strong></span> <span class='ocrx_word' id='word_1_151' title='bbox 1128 2239 1162 2301; x_wconf 90' lang='lat' dir='ltr'><strong>iu</strong></span> <span class='ocrx_word' id='word_1_152' title='bbox 1174 2240 1311 2306; x_wconf 81' lang='lat' dir='ltr'><strong>audieu-</strong></span> 
     </span>
    </p>
   </div>
   <div class='ocr_carea' id='block_1_3' title="bbox 210 2408 1311 2602">
    <p class='ocr_par' dir='ltr' id='par_1_3' title="bbox 210 2408 1311 2602">
     <span class='ocr_line' id='line_1_20' title="bbox 249 2408 685 2470; baseline -0.009 -11"><span class='ocrx_word' id='word_1_153' title='bbox 249 2419 263 2443; x_wconf 86' lang='lat'><strong>·</strong></span> <span class='ocrx_word' id='word_1_154' title='bbox 280 2411 364 2459; x_wconf 76' lang='lat' dir='ltr'><strong>Minus</strong></span> <span class='ocrx_word' id='word_1_155' title='bbox 374 2409 462 2458; x_wconf 77' lang='lat' dir='ltr'><strong>acriter</strong></span> <span class='ocrx_word' id='word_1_156' title='bbox 472 2408 498 2456; x_wconf 83' lang='lat' dir='ltr'><strong>id</strong></span> <span class='ocrx_word' id='word_1_157' title='bbox 508 2409 685 2470; x_wconf 67' lang='lat' dir='ltr'><strong>pocularem.</strong></span> 
     </span>
     <span class='ocr_line' id='line_1_21' title="bbox 249 2471 1311 2536; baseline 0.001 -13"><span class='ocrx_word' id='word_1_158' title='bbox 249 2471 259 2506; x_wconf 70' lang='lat'>⁸</span> <span class='ocrx_word' id='word_1_159' title='bbox 275 2475 334 2536; x_wconf 83' lang='lat' dir='ltr'><strong>Hic,</strong></span> <span class='ocrx_word' id='word_1_160' title='bbox 345 2473 445 2522; x_wconf 75' lang='lat' dir='ltr'><strong>cunculis</strong></span> <span class='ocrx_word' id='word_1_161' title='bbox 459 2487 517 2520; x_wconf 79' lang='lat' dir='ltr'><strong>curu</strong></span> <span class='ocrx_word' id='word_1_162' title='bbox 528 2471 765 2532; x_wconf 68' lang='lat' dir='ltr'><strong>deposimprtncipu</strong></span> <span class='ocrx_word' id='word_1_163' title='bbox 780 2471 880 2534; x_wconf 63' lang='lat' dir='ltr'><strong>(fficium</strong></span> <span class='ocrx_word' id='word_1_164' title='bbox 890 2473 1031 2533; x_wconf 74' lang='lat' dir='ltr'><strong>resumebat,</strong></span> <span class='ocrx_word' id='word_1_165' title='bbox 1041 2481 1138 2524; x_wconf 70' lang='lat' dir='ltr'><strong>amatu</strong></span> <span class='ocrx_word' id='word_1_166' title='bbox 1152 2476 1311 2532; x_wconf 73' lang='lat' dir='ltr'><strong>moderatiene</strong></span> 
     </span>
     <span class='ocr_line' id='line_1_22' title="bbox 210 2535 1140 2602; baseline -0.002 -16"><span class='ocrx_word' id='word_1_167' title='bbox 210 2551 250 2602; x_wconf 75' lang='lat' dir='ltr'><strong>eu,</strong></span> <span class='ocrx_word' id='word_1_168' title='bbox 262 2545 288 2587; x_wconf 89' lang='lat' dir='ltr'><strong>ut</strong></span> <span class='ocrx_word' id='word_1_169' title='bbox 299 2554 341 2588; x_wconf 76' lang='lat' dir='ltr'><strong>uec</strong></span> <span class='ocrx_word' id='word_1_170' title='bbox 349 2537 456 2601; x_wconf 72' lang='lat' dir='ltr'><strong>princeps</strong></span> <span class='ocrx_word' id='word_1_171' title='bbox 467 2539 549 2597; x_wconf 78' lang='lat' dir='ltr'><strong>ageret</strong></span> <span class='ocrx_word' id='word_1_172' title='bbox 559 2535 660 2583; x_wconf 78' lang='lat' dir='ltr'><strong>consulis</strong></span> <span class='ocrx_word' id='word_1_173' title='bbox 668 2535 778 2598; x_wconf 64' lang='lat' dir='ltr'><strong>(filetum,</strong></span> <span class='ocrx_word' id='word_1_174' title='bbox 787 2547 830 2580; x_wconf 79' lang='lat' dir='ltr'><strong>nec</strong></span> <span class='ocrx_word' id='word_1_175' title='bbox 838 2535 955 2596; x_wconf 77' lang='lat' dir='ltr'><strong>principis</strong></span> <span class='ocrx_word' id='word_1_176' title='bbox 962 2543 1044 2596; x_wconf 74' lang='lat' dir='ltr'><strong>partes</strong></span> <span class='ocrx_word' id='word_1_177' title='bbox 1053 2541 1140 2587; x_wconf 70' lang='lat' dir='ltr'><strong>eunmt.</strong></span> 
     </span>
    </p>
   </div>
   <div class='ocr_carea' id='block_1_4' title="bbox 669 2662 853 2684">
    <p class='ocr_par' dir='ltr' id='par_1_4' title="bbox 669 2662 853 2684">
     <span class='ocr_line' id='line_1_23' title="bbox 669 2662 853 2684; baseline 0 0"><span class='ocrx_word' id='word_1_178' title='bbox 669 2662 853 2684; x_wconf 62' lang='grc' dir='ltr'><strong>ΜΟΜΟ</strong></span> 
     </span>
    </p>
   </div>
   <div class='ocr_carea' id='block_1_5' title="bbox 202 2749 1310 3774">
    <p class='ocr_par' dir='ltr' id='par_1_5' title="bbox 202 2749 1310 3774">
     <span class='ocr_line' id='line_1_24' title="bbox 214 2749 1309 2819; baseline -0.008 -14"><span class='ocrx_word' id='word_1_179' title='bbox 214 2757 377 2819; x_wconf 66' lang='lat' dir='ltr'><strong>(imple-2</strong></span> <span class='ocrx_word' id='word_1_180' title='bbox 395 2754 519 2804; x_wconf 68' lang='lat' dir='ltr'><strong>nemim</strong></span> <span class='ocrx_word' id='word_1_181' title='bbox 528 2753 587 2801; x_wconf 81' lang='lat' dir='ltr'><strong>illud</strong></span> <span class='ocrx_word' id='word_1_182' title='bbox 598 2749 675 2816; x_wconf 86' lang='lat' dir='ltr'><strong>codd.</strong></span> <span class='ocrx_word' id='word_1_183' title='bbox 686 2749 748 2799; x_wconf 80' lang='lat' dir='ltr'><strong>Vct.</strong></span> <span class='ocrx_word' id='word_1_184' title='bbox 762 2753 789 2800; x_wconf 75' lang='lat'><strong>4.</strong></span> <span class='ocrx_word' id='word_1_185' title='bbox 806 2756 833 2798; x_wconf 81' lang='lat' dir='ltr'><strong>ct</strong></span> <span class='ocrx_word' id='word_1_186' title='bbox 845 2749 957 2812; x_wconf 86' lang='lat' dir='ltr'><strong>Guelpb.</strong></span> <span class='ocrx_word' id='word_1_187' title='bbox 967 2757 995 2800; x_wconf 81' lang='lat' dir='ltr'><strong>et</strong></span> <span class='ocrx_word' id='word_1_188' title='bbox 1006 2751 1123 2814; x_wconf 65' lang='lat' dir='ltr'><strong>quaedem</strong></span> <span class='ocrx_word' id='word_1_189' title='bbox 1135 2751 1195 2805; x_wconf 86' lang='lat' dir='ltr'><strong>edd.</strong></span> <span class='ocrx_word' id='word_1_190' title='bbox 1217 2753 1309 2818; x_wconf 67' lang='grc' dir='ltr'><strong>σωμηί.</strong></span> 
     </span>
     <span class='ocr_line' id='line_1_25' title="bbox 211 2813 1310 2882; baseline -0.006 -11"><span class='ocrx_word' id='word_1_191' title='bbox 211 2828 315 2872; x_wconf 71' lang='lat' dir='ltr'><strong>neutum</strong></span> <span class='ocrx_word' id='word_1_192' title='bbox 330 2820 376 2881; x_wconf 79' lang='lat' dir='ltr'><strong>tui,</strong></span> <span class='ocrx_word' id='word_1_193' title='bbox 393 2833 461 2882; x_wconf 80' lang='lat' dir='ltr'><strong>quum</strong></span> <span class='ocrx_word' id='word_1_194' title='bbox 472 2818 557 2876; x_wconf 76' lang='lat' dir='ltr'><strong>uicum,</strong></span> <span class='ocrx_word' id='word_1_195' title='bbox 567 2817 652 2878; x_wconf 75' lang='lat' dir='ltr'><strong>negari</strong></span> <span class='ocrx_word' id='word_1_196' title='bbox 663 2815 726 2865; x_wconf 73' lang='lat' dir='ltr'><strong>Vnt.</strong></span> <span class='ocrx_word' id='word_1_197' title='bbox 736 2819 761 2863; x_wconf 82' lang='grc'><strong>4.</strong></span> <span class='ocrx_word' id='word_1_198' title='bbox 788 2813 854 2862; x_wconf 74' lang='lat' dir='ltr'><strong>nobie</strong></span> <span class='ocrx_word' id='word_1_199' title='bbox 864 2813 939 2862; x_wconf 79' lang='lat' dir='ltr'><strong>deest</strong></span> <span class='ocrx_word' id='word_1_200' title='bbox 951 2817 1027 2864; x_wconf 83' lang='lat' dir='ltr'><strong>etiem</strong></span> <span class='ocrx_word' id='word_1_201' title='bbox 1039 2815 1066 2865; x_wconf 87' lang='lat' dir='ltr'><strong>in</strong></span> <span class='ocrx_word' id='word_1_202' title='bbox 1077 2816 1240 2880; x_wconf 72' lang='lat' dir='ltr'><strong>Guelpb.-—s</strong></span> <span class='ocrx_word' id='word_1_203' title='bbox 1257 2819 1310 2871; x_wconf 74' lang='lat' dir='ltr'><strong>Au-</strong></span> 
     </span>
     <span class='ocr_line' id='line_1_26' title="bbox 211 2877 1308 2942; baseline -0.002 -8"><span class='ocrx_word' id='word_1_204' title='bbox 211 2887 261 2934; x_wconf 77' lang='lat' dir='ltr'><strong>diet</strong></span> <span class='ocrx_word' id='word_1_205' title='bbox 277 2891 300 2934; x_wconf 84' lang='lat' dir='ltr'><strong>et</strong></span> <span class='ocrx_word' id='word_1_206' title='bbox 316 2885 398 2932; x_wconf 73' lang='lat' dir='ltr'><strong>reddet</strong></span> <span class='ocrx_word' id='word_1_207' title='bbox 415 2882 475 2931; x_wconf 88' lang='lat' dir='ltr'><strong>edd.</strong></span> <span class='ocrx_word' id='word_1_208' title='bbox 492 2882 527 2930; x_wconf 88' lang='lat' dir='ltr'><strong>ll.</strong></span> <span class='ocrx_word' id='word_1_209' title='bbox 544 2881 635 2942; x_wconf 86' lang='lat' dir='ltr'><strong>Stepb.</strong></span> <span class='ocrx_word' id='word_1_210' title='bbox 654 2879 710 2927; x_wconf 87' lang='lat' dir='ltr'><strong>Elz.</strong></span> <span class='ocrx_word' id='word_1_211' title='bbox 727 2877 858 2926; x_wconf 79' lang='lat' dir='ltr'><strong>Boxlmru.</strong></span> <span class='ocrx_word' id='word_1_212' title='bbox 876 2877 963 2927; x_wconf 83' lang='lat' dir='ltr'><strong>Riviu.</strong></span> <span class='ocrx_word' id='word_1_213' title='bbox 979 2881 1075 2930; x_wconf 75' lang='lat' dir='ltr'><strong>cellar.</strong></span> <span class='ocrx_word' id='word_1_214' title='bbox 1093 2881 1192 2933; x_wconf 81' lang='lat' dir='ltr'><strong>Heern·</strong></span> <span class='ocrx_word' id='word_1_215' title='bbox 1203 2883 1266 2933; x_wconf 76' lang='lat' dir='ltr'><strong>cev.</strong></span> <span class='ocrx_word' id='word_1_216' title='bbox 1278 2890 1308 2935; x_wconf 71' lang='lat' dir='ltr'><strong>et</strong></span> 
     </span>
     <span class='ocr_line' id='line_1_27' title="bbox 212 2941 1309 3008; baseline -0.002 -11"><span class='ocrx_word' id='word_1_217' title='bbox 212 2949 292 3000; x_wconf 74' lang='lat' dir='ltr'><strong>Genu.</strong></span> <span class='ocrx_word' id='word_1_218' title='bbox 322 2944 599 3008; x_wconf 74' lang='lat' dir='ltr'><strong>Tractatitqueuffectus</strong></span> <span class='ocrx_word' id='word_1_219' title='bbox 615 2943 729 3004; x_wconf 84' lang='lat' dir='ltr'><strong>Guelpb.</strong></span> <span class='ocrx_word' id='word_1_220' title='bbox 759 2941 1024 3008; x_wconf 76' lang='lat' dir='ltr'><strong>Teutubitqueeffectus</strong></span> <span class='ocrx_word' id='word_1_221' title='bbox 1033 2945 1096 2996; x_wconf 75' lang='lat' dir='ltr'><strong>Vnt.</strong></span> <span class='ocrx_word' id='word_1_222' title='bbox 1112 2951 1187 2996; x_wconf 80' lang='lat' dir='ltr'><strong>t.-⁴</strong></span> <span class='ocrx_word' id='word_1_223' title='bbox 1205 2947 1309 2999; x_wconf 77' lang='lat' dir='ltr'><strong>Pietatis</strong></span> 
     </span>
     <span class='ocr_line' id='line_1_28' title="bbox 212 3005 1309 3072; baseline -0.008 -9"><span class='ocrx_word' id='word_1_224' title='bbox 212 3013 272 3064; x_wconf 76' lang='lat' dir='ltr'><strong>eud.</strong></span> <span class='ocrx_word' id='word_1_225' title='bbox 284 3014 376 3062; x_wconf 79' lang='lat' dir='ltr'><strong>Putuv.</strong></span> <span class='ocrx_word' id='word_1_226' title='bbox 387 3019 414 3059; x_wconf 85' lang='lat' dir='ltr'><strong>et</strong></span> <span class='ocrx_word' id='word_1_227' title='bbox 428 3013 490 3060; x_wconf 85' lang='lat' dir='ltr'><strong>Exc.</strong></span> <span class='ocrx_word' id='word_1_228' title='bbox 502 3011 576 3058; x_wconf 81' lang='lat' dir='ltr'><strong>Voss.</strong></span> <span class='ocrx_word' id='word_1_229' title='bbox 600 3007 657 3055; x_wconf 77' lang='lat' dir='ltr'><strong>Erit</strong></span> <span class='ocrx_word' id='word_1_230' title='bbox 664 3005 750 3068; x_wconf 78' lang='lat' dir='ltr'><strong>pietati</strong></span> <span class='ocrx_word' id='word_1_231' title='bbox 761 3006 831 3069; x_wconf 86' lang='lat' dir='ltr'><strong>conj.</strong></span> <span class='ocrx_word' id='word_1_232' title='bbox 844 3007 915 3069; x_wconf 86' lang='lat' dir='ltr'><strong>Lips.</strong></span> <span class='ocrx_word' id='word_1_233' title='bbox 937 3009 1115 3072; x_wconf 73' lang='lat' dir='ltr'><strong>proximumque</strong></span> <span class='ocrx_word' id='word_1_234' title='bbox 1123 3011 1180 3060; x_wconf 85' lang='lat' dir='ltr'><strong>cod.</strong></span> <span class='ocrx_word' id='word_1_235' title='bbox 1190 3013 1309 3061; x_wconf 62' lang='lat' dir='ltr'><strong>Solum.</strong></span> 
     </span>
     <span class='ocr_line' id='line_1_29' title="bbox 211 3069 1308 3134; baseline -0.002 -6"><span class='ocrx_word' id='word_1_236' title='bbox 211 3078 278 3128; x_wconf 68' lang='lat' dir='ltr'><strong>tluu.</strong></span> <span class='ocrx_word' id='word_1_237' title='bbox 289 3083 318 3125; x_wconf 85' lang='lat' dir='ltr'><strong>et</strong></span> <span class='ocrx_word' id='word_1_238' title='bbox 327 3074 369 3123; x_wconf 85' lang='lat' dir='ltr'><strong>ed.</strong></span> <span class='ocrx_word' id='word_1_239' title='bbox 382 3075 415 3123; x_wconf 90' lang='lat' dir='ltr'><strong>ll.</strong></span> <span class='ocrx_word' id='word_1_240' title='bbox 426 3073 517 3134; x_wconf 83' lang='lat' dir='ltr'><strong>steph.</strong></span> <span class='ocrx_word' id='word_1_241' title='bbox 529 3071 604 3121; x_wconf 81' lang='lat' dir='ltr'><strong>etsie</strong></span> <span class='ocrx_word' id='word_1_242' title='bbox 616 3069 674 3120; x_wconf 87' lang='lat' dir='ltr'><strong>ced.</strong></span> <span class='ocrx_word' id='word_1_243' title='bbox 684 3069 778 3120; x_wconf 75' lang='lat' dir='ltr'><strong>salisb.</strong></span> <span class='ocrx_word' id='word_1_244' title='bbox 790 3085 806 3117; x_wconf 81' lang='lat' dir='ltr'><strong>u</strong></span> <span class='ocrx_word' id='word_1_245' title='bbox 824 3085 856 3118; x_wconf 87' lang='lat' dir='ltr'><strong>m.</strong></span> <span class='ocrx_word' id='word_1_246' title='bbox 868 3085 907 3132; x_wconf 85' lang='lat' dir='ltr'><strong>pr.</strong></span> <span class='ocrx_word' id='word_1_247' title='bbox 929 3075 978 3120; x_wconf 81' lang='lat' dir='ltr'><strong>tum</strong></span> <span class='ocrx_word' id='word_1_248' title='bbox 993 3073 1090 3121; x_wconf 80' lang='lat' dir='ltr'><strong>indocili</strong></span> <span class='ocrx_word' id='word_1_249' title='bbox 1100 3073 1157 3124; x_wconf 89' lang='lat' dir='ltr'><strong>cod.</strong></span> <span class='ocrx_word' id='word_1_250' title='bbox 1174 3075 1308 3126; x_wconf 74' lang='lat' dir='ltr'><strong>Patami</strong></span> 
     </span>
     <span class='ocr_line' id='line_1_30' title="bbox 211 3134 1308 3196; baseline 0.001 -6"><span class='ocrx_word' id='word_1_251' title='bbox 211 3143 276 3190; x_wconf 72' lang='lat' dir='ltr'><strong>Eue.</strong></span> <span class='ocrx_word' id='word_1_252' title='bbox 291 3141 365 3189; x_wconf 80' lang='lat' dir='ltr'><strong>Voss.</strong></span> <span class='ocrx_word' id='word_1_253' title='bbox 382 3143 432 3186; x_wconf 86' lang='lat' dir='ltr'><strong>tum</strong></span> <span class='ocrx_word' id='word_1_254' title='bbox 442 3137 561 3185; x_wconf 82' lang='lat' dir='ltr'><strong>medicellc</strong></span> <span class='ocrx_word' id='word_1_255' title='bbox 572 3137 631 3183; x_wconf 76' lang='lat' dir='ltr'><strong>Vct.</strong></span> <span class='ocrx_word' id='word_1_256' title='bbox 641 3138 667 3184; x_wconf 82' lang='lat' dir='ltr'><strong>t.</strong></span> <span class='ocrx_word' id='word_1_257' title='bbox 678 3141 705 3183; x_wconf 81' lang='lat' dir='ltr'><strong>ct</strong></span> <span class='ocrx_word' id='word_1_258' title='bbox 715 3134 827 3195; x_wconf 83' lang='lat' dir='ltr'><strong>Guelpb·</strong></span> <span class='ocrx_word' id='word_1_259' title='bbox 854 3139 903 3182; x_wconf 86' lang='lat' dir='ltr'><strong>tum</strong></span> <span class='ocrx_word' id='word_1_260' title='bbox 912 3135 1027 3184; x_wconf 80' lang='lat' dir='ltr'><strong>modicilli</strong></span> <span class='ocrx_word' id='word_1_261' title='bbox 1037 3137 1129 3196; x_wconf 78' lang='lat' dir='ltr'><strong>ingenii</strong></span> <span class='ocrx_word' id='word_1_262' title='bbox 1137 3139 1212 3188; x_wconf 88' lang='lat' dir='ltr'><strong>codd.</strong></span> <span class='ocrx_word' id='word_1_263' title='bbox 1223 3140 1308 3191; x_wconf 73' lang='lat' dir='ltr'><strong>Peru.</strong></span> 
     </span>
     <span class='ocr_line' id='line_1_31' title="bbox 210 3197 1306 3259; baseline -0.001 -5"><span class='ocrx_word' id='word_1_264' title='bbox 210 3205 305 3258; x_wconf 79' lang='lat' dir='ltr'><strong>Sullsb.</strong></span> <span class='ocrx_word' id='word_1_265' title='bbox 317 3206 424 3252; x_wconf 69' lang='lat' dir='ltr'><strong>Veneti.</strong></span> <span class='ocrx_word' id='word_1_266' title='bbox 441 3206 464 3250; x_wconf 83' lang='lat'><strong>1.</strong></span> <span class='ocrx_word' id='word_1_267' title='bbox 482 3205 507 3250; x_wconf 83' lang='lat'><strong>2.</strong></span> <span class='ocrx_word' id='word_1_268' title='bbox 519 3209 547 3248; x_wconf 85' lang='lat' dir='ltr'><strong>et</strong></span> <span class='ocrx_word' id='word_1_269' title='bbox 558 3197 730 3248; x_wconf 81' lang='lat' dir='ltr'><strong>Sebwurziau.</strong></span> <span class='ocrx_word' id='word_1_270' title='bbox 754 3203 803 3246; x_wconf 83' lang='lat' dir='ltr'><strong>tum</strong></span> <span class='ocrx_word' id='word_1_271' title='bbox 819 3197 937 3246; x_wconf 82' lang='lat' dir='ltr'><strong>modiciltc</strong></span> <span class='ocrx_word' id='word_1_272' title='bbox 955 3199 1050 3259; x_wconf 79' lang='lat' dir='ltr'><strong>iugenio</strong></span> <span class='ocrx_word' id='word_1_273' title='bbox 1069 3201 1095 3248; x_wconf 90' lang='lat' dir='ltr'><strong>iu</strong></span> <span class='ocrx_word' id='word_1_274' title='bbox 1113 3201 1177 3250; x_wconf 79' lang='lat' dir='ltr'><strong>aliis.</strong></span> <span class='ocrx_word' id='word_1_275' title='bbox 1214 3202 1306 3253; x_wconf 76' lang='lat' dir='ltr'><strong>Codex</strong></span> 
     </span>
     <span class='ocr_line' id='line_1_32' title="bbox 210 3259 1302 3325; baseline -0.007 -5"><span class='ocrx_word' id='word_1_276' title='bbox 210 3269 348 3320; x_wconf 66' lang='lat' dir='ltr'><strong>delusisti</strong></span> <span class='ocrx_word' id='word_1_277' title='bbox 358 3267 446 3322; x_wconf 70' lang='lat' dir='ltr'><strong>babet,</strong></span> <span class='ocrx_word' id='word_1_278' title='bbox 457 3265 576 3314; x_wconf 79' lang='lat' dir='ltr'><strong>meliorem</strong></span> <span class='ocrx_word' id='word_1_279' title='bbox 586 3264 701 3312; x_wconf 73' lang='lat' dir='ltr'><strong>cumulem</strong></span> <span class='ocrx_word' id='word_1_280' title='bbox 710 3261 818 3325; x_wconf 70' lang='grc' dir='ltr'><strong>μναὺιὶς</strong></span> <span class='ocrx_word' id='word_1_281' title='bbox 835 3261 902 3308; x_wconf 89' lang='lat' dir='ltr'><strong>unde</strong></span> <span class='ocrx_word' id='word_1_282' title='bbox 919 3259 964 3310; x_wconf 88' lang='lat' dir='ltr'><strong>ille</strong></span> <span class='ocrx_word' id='word_1_283' title='bbox 976 3263 1044 3325; x_wconf 87' lang='lat' dir='ltr'><strong>conj.</strong></span> <span class='ocrx_word' id='word_1_284' title='bbox 1057 3270 1212 3325; x_wconf 69' lang='lat' dir='ltr'><strong>prestet-5</strong></span> <span class='ocrx_word' id='word_1_285' title='bbox 1240 3267 1302 3317; x_wconf 71' lang='lat' dir='ltr'><strong>vat.</strong></span> 
     </span>
     <span class='ocr_line' id='line_1_33' title="bbox 210 3325 1304 3393; baseline -0.003 -10"><span class='ocrx_word' id='word_1_286' title='bbox 210 3337 236 3382; x_wconf 78' lang='lat' dir='ltr'><strong>d.</strong></span> <span class='ocrx_word' id='word_1_287' title='bbox 249 3341 277 3382; x_wconf 87' lang='lat' dir='ltr'><strong>et</strong></span> <span class='ocrx_word' id='word_1_288' title='bbox 288 3331 401 3393; x_wconf 83' lang='lat' dir='ltr'><strong>Guetpb.</strong></span> <span class='ocrx_word' id='word_1_289' title='bbox 417 3328 487 3379; x_wconf 72' lang='lat' dir='ltr'><strong>Alius</strong></span> <span class='ocrx_word' id='word_1_290' title='bbox 497 3328 588 3378; x_wconf 79' lang='lat' dir='ltr'><strong>tubures</strong></span> <span class='ocrx_word' id='word_1_291' title='bbox 598 3327 620 3374; x_wconf 84' lang='lat' dir='ltr'><strong>si</strong></span> <span class='ocrx_word' id='word_1_292' title='bbox 629 3341 674 3374; x_wconf 79' lang='lat' dir='ltr'><strong>nun</strong></span> <span class='ocrx_word' id='word_1_293' title='bbox 685 3326 806 3374; x_wconf 76' lang='lat' dir='ltr'><strong>continues</strong></span> <span class='ocrx_word' id='word_1_294' title='bbox 816 3325 914 3374; x_wconf 75' lang='lat' dir='ltr'><strong>desidite</strong></span> <span class='ocrx_word' id='word_1_295' title='bbox 934 3341 962 3374; x_wconf 85' lang='lat' dir='ltr'><strong>uc</strong></span> <span class='ocrx_word' id='word_1_296' title='bbox 972 3329 1088 3389; x_wconf 81' lang='lat' dir='ltr'><strong>uoluptati</strong></span> <span class='ocrx_word' id='word_1_297' title='bbox 1103 3329 1221 3387; x_wconf 58' lang='lat' dir='ltr'><strong>dedissem</strong></span> <span class='ocrx_word' id='word_1_298' title='bbox 1244 3331 1304 3380; x_wconf 83' lang='lat' dir='ltr'><strong>eud.</strong></span> 
     </span>
     <span class='ocr_line' id='line_1_34' title="bbox 210 3391 1305 3452; baseline -0.001 -7"><span class='ocrx_word' id='word_1_299' title='bbox 210 3397 295 3446; x_wconf 72' lang='lat' dir='ltr'><strong>Parin.</strong></span> <span class='ocrx_word' id='word_1_300' title='bbox 312 3395 383 3444; x_wconf 72' lang='lat' dir='ltr'><strong>Alius</strong></span> <span class='ocrx_word' id='word_1_301' title='bbox 399 3395 421 3442; x_wconf 77' lang='lat' dir='ltr'><strong>ci</strong></span> <span class='ocrx_word' id='word_1_302' title='bbox 439 3393 529 3442; x_wconf 79' lang='lat' dir='ltr'><strong>labem</strong></span> <span class='ocrx_word' id='word_1_303' title='bbox 545 3407 591 3439; x_wconf 75' lang='lat' dir='ltr'><strong>uun</strong></span> <span class='ocrx_word' id='word_1_304' title='bbox 609 3391 740 3445; x_wconf 73' lang='lat' dir='ltr'><strong>continuus,</strong></span> <span class='ocrx_word' id='word_1_305' title='bbox 752 3391 792 3452; x_wconf 73' lang='lat' dir='ltr'><strong>dfe.</strong></span> <span class='ocrx_word' id='word_1_306' title='bbox 836 3391 931 3438; x_wconf 78' lang='lat' dir='ltr'><strong>Venet.</strong></span> <span class='ocrx_word' id='word_1_307' title='bbox 943 3395 967 3441; x_wconf 92' lang='lat' dir='ltr'><strong>l.</strong></span> <span class='ocrx_word' id='word_1_308' title='bbox 980 3391 1052 3440; x_wconf 80' lang='lat' dir='ltr'><strong>Alius</strong></span> <span class='ocrx_word' id='word_1_309' title='bbox 1068 3391 1113 3440; x_wconf 78' lang='lat' dir='ltr'><strong>eibi</strong></span> <span class='ocrx_word' id='word_1_310' title='bbox 1124 3407 1170 3441; x_wconf 72' lang='lat' dir='ltr'><strong>uun</strong></span> <span class='ocrx_word' id='word_1_311' title='bbox 1181 3394 1305 3444; x_wconf 73' lang='lat' dir='ltr'><strong>continuus</strong></span> 
     </span>
     <span class='ocr_line' id='line_1_35' title="bbox 210 3454 1305 3516; baseline -0.001 -6"><span class='ocrx_word' id='word_1_312' title='bbox 210 3461 319 3516; x_wconf 63' lang='lat' dir='ltr'><strong>luderem</strong></span> <span class='ocrx_word' id='word_1_313' title='bbox 335 3459 430 3506; x_wconf 82' lang='lat' dir='ltr'><strong>Veuet·</strong></span> <span class='ocrx_word' id='word_1_314' title='bbox 446 3461 470 3506; x_wconf 75' lang='lat'><strong>2.</strong></span> <span class='ocrx_word' id='word_1_315' title='bbox 484 3454 578 3505; x_wconf 78' lang='lat' dir='ltr'><strong>salisb.</strong></span> <span class='ocrx_word' id='word_1_316' title='bbox 598 3455 772 3503; x_wconf 76' lang='lat' dir='ltr'><strong>Scbwurzieu.</strong></span> <span class='ocrx_word' id='word_1_317' title='bbox 786 3461 814 3502; x_wconf 80' lang='lat' dir='ltr'><strong>et</strong></span> <span class='ocrx_word' id='word_1_318' title='bbox 832 3455 924 3503; x_wconf 77' lang='lat' dir='ltr'><strong>Peleu.</strong></span> <span class='ocrx_word' id='word_1_319' title='bbox 942 3454 1014 3504; x_wconf 75' lang='lat' dir='ltr'><strong>Alius</strong></span> <span class='ocrx_word' id='word_1_320' title='bbox 1031 3456 1155 3506; x_wconf 76' lang='lat' dir='ltr'><strong>latereni</strong></span> <span class='ocrx_word' id='word_1_321' title='bbox 1169 3472 1215 3507; x_wconf 74' lang='lat' dir='ltr'><strong>uon</strong></span> <span class='ocrx_word' id='word_1_322' title='bbox 1229 3461 1305 3509; x_wconf 76' lang='lat' dir='ltr'><strong>eunti·</strong></span> 
     </span>
     <span class='ocr_line' id='line_1_36' title="bbox 209 3518 1305 3585; baseline 0 -12"><span class='ocrx_word' id='word_1_323' title='bbox 209 3539 267 3574; x_wconf 72' lang='lat' dir='ltr'><strong>tum</strong></span> <span class='ocrx_word' id='word_1_324' title='bbox 280 3523 388 3579; x_wconf 74' lang='lat' dir='ltr'><strong>desidia,</strong></span> <span class='ocrx_word' id='word_1_325' title='bbox 397 3523 438 3584; x_wconf 75' lang='lat' dir='ltr'><strong>isc.</strong></span> <span class='ocrx_word' id='word_1_326' title='bbox 470 3520 487 3571; x_wconf 89' lang='lat' dir='ltr'>J</span> <span class='ocrx_word' id='word_1_327' title='bbox 490 3528 545 3569; x_wconf 82' lang='lat' dir='ltr'><strong>unt.</strong></span> <span class='ocrx_word' id='word_1_328' title='bbox 561 3519 633 3568; x_wconf 75' lang='lat' dir='ltr'><strong>Alius</strong></span> <span class='ocrx_word' id='word_1_329' title='bbox 648 3519 749 3581; x_wconf 77' lang='lat' dir='ltr'><strong>latores,</strong></span> <span class='ocrx_word' id='word_1_330' title='bbox 759 3518 782 3566; x_wconf 80' lang='lat' dir='ltr'><strong>si</strong></span> <span class='ocrx_word' id='word_1_331' title='bbox 792 3533 839 3567; x_wconf 74' lang='lat' dir='ltr'><strong>ucu</strong></span> <span class='ocrx_word' id='word_1_332' title='bbox 849 3519 984 3568; x_wconf 76' lang='lat' dir='ltr'><strong>continuom</strong></span> <span class='ocrx_word' id='word_1_333' title='bbox 995 3520 1092 3569; x_wconf 75' lang='lat' dir='ltr'><strong>desidia</strong></span> <span class='ocrx_word' id='word_1_334' title='bbox 1100 3536 1128 3569; x_wconf 82' lang='lat' dir='ltr'><strong>uc</strong></span> <span class='ocrx_word' id='word_1_335' title='bbox 1139 3524 1254 3585; x_wconf 78' lang='lat' dir='ltr'><strong>uoluptati</strong></span> <span class='ocrx_word' id='word_1_336' title='bbox 1264 3527 1305 3573; x_wconf 78' lang='lat' dir='ltr'><strong>de·</strong></span> 
     </span>
     <span class='ocr_line' id='line_1_37' title="bbox 209 3582 1303 3640; baseline 0 -4"><span class='ocrx_word' id='word_1_337' title='bbox 209 3590 290 3638; x_wconf 71' lang='lat' dir='ltr'><strong>diuet.</strong></span> <span class='ocrx_word' id='word_1_338' title='bbox 323 3587 391 3635; x_wconf 86' lang='lat' dir='ltr'><strong>Vide</strong></span> <span class='ocrx_word' id='word_1_339' title='bbox 411 3587 486 3636; x_wconf 73' lang='lat' dir='ltr'><strong>Noti.</strong></span> <span class='ocrx_word' id='word_1_340' title='bbox 503 3585 579 3634; x_wconf 69' lang='lat' dir='ltr'><strong>Vari.</strong></span> <span class='ocrx_word' id='word_1_341' title='bbox 614 3584 686 3640; x_wconf 81' lang='lat' dir='ltr'><strong>Mox,</strong></span> <span class='ocrx_word' id='word_1_342' title='bbox 703 3585 767 3632; x_wconf 73' lang='lat' dir='ltr'><strong>curie</strong></span> <span class='ocrx_word' id='word_1_343' title='bbox 777 3582 853 3633; x_wconf 77' lang='lat' dir='ltr'><strong>deest</strong></span> <span class='ocrx_word' id='word_1_344' title='bbox 864 3583 890 3631; x_wconf 89' lang='lat' dir='ltr'><strong>iu</strong></span> <span class='ocrx_word' id='word_1_345' title='bbox 901 3583 978 3632; x_wconf 89' lang='lat' dir='ltr'><strong>codd.</strong></span> <span class='ocrx_word' id='word_1_346' title='bbox 989 3584 1080 3633; x_wconf 83' lang='lat' dir='ltr'><strong>salisb.</strong></span> <span class='ocrx_word' id='word_1_347' title='bbox 1093 3594 1120 3634; x_wconf 86' lang='lat' dir='ltr'><strong>et</strong></span> <span class='ocrx_word' id='word_1_348' title='bbox 1131 3587 1303 3636; x_wconf 80' lang='lat' dir='ltr'><strong>Scbwurziuu.</strong></span> 
     </span>
     <span class='ocr_line' id='line_1_38' title="bbox 205 3647 1302 3702; baseline -0.001 0"><span class='ocrx_word' id='word_1_349' title='bbox 205 3651 323 3702; x_wconf 69' lang='lat' dir='ltr'><strong>&#39;exsolutis</strong></span> <span class='ocrx_word' id='word_1_350' title='bbox 332 3650 410 3699; x_wconf 82' lang='lat' dir='ltr'><strong>iidem</strong></span> <span class='ocrx_word' id='word_1_351' title='bbox 422 3649 499 3698; x_wconf 82' lang='lat' dir='ltr'><strong>cedd.</strong></span> <span class='ocrx_word' id='word_1_352' title='bbox 510 3649 572 3697; x_wconf 84' lang='lat' dir='ltr'><strong>item</strong></span> <span class='ocrx_word' id='word_1_353' title='bbox 583 3648 646 3698; x_wconf 75' lang='lat' dir='ltr'><strong>Vct.</strong></span> <span class='ocrx_word' id='word_1_354' title='bbox 656 3652 681 3696; x_wconf 83' lang='grc'><strong>4.</strong></span> <span class='ocrx_word' id='word_1_355' title='bbox 693 3655 721 3696; x_wconf 87' lang='lat' dir='ltr'><strong>et</strong></span> <span class='ocrx_word' id='word_1_356' title='bbox 739 3647 832 3696; x_wconf 68' lang='lat' dir='ltr'><strong>Pctus.</strong></span> <span class='ocrx_word' id='word_1_357' title='bbox 856 3647 920 3696; x_wconf 71' lang='lat' dir='ltr'><strong>curie</strong></span> <span class='ocrx_word' id='word_1_358' title='bbox 935 3650 1054 3696; x_wconf 70' lang='lat' dir='ltr'><strong>exsolutus</strong></span> <span class='ocrx_word' id='word_1_359' title='bbox 1073 3648 1166 3698; x_wconf 80' lang='lat' dir='ltr'><strong>salisb.</strong></span> <span class='ocrx_word' id='word_1_360' title='bbox 1178 3664 1193 3698; x_wconf 79' lang='lat' dir='ltr'><strong>u</strong></span> <span class='ocrx_word' id='word_1_361' title='bbox 1204 3666 1238 3700; x_wconf 86' lang='lat' dir='ltr'><strong>m·</strong></span> <span class='ocrx_word' id='word_1_362' title='bbox 1249 3665 1302 3701; x_wconf 82' lang='lat' dir='ltr'><strong>sec.</strong></span> 
     </span>
     <span class='ocr_line' id='line_1_39' title="bbox 202 3711 1161 3774; baseline -0.002 -10"><span class='ocrx_word' id='word_1_363' title='bbox 202 3721 258 3766; x_wconf 62' lang='lat'><strong>,-6</strong></span> <span class='ocrx_word' id='word_1_364' title='bbox 274 3716 351 3766; x_wconf 87' lang='lat' dir='ltr'><strong>Multi</strong></span> <span class='ocrx_word' id='word_1_365' title='bbox 361 3714 437 3764; x_wconf 86' lang='lat' dir='ltr'><strong>codd.</strong></span> <span class='ocrx_word' id='word_1_366' title='bbox 448 3721 474 3762; x_wconf 85' lang='lat' dir='ltr'><strong>et</strong></span> <span class='ocrx_word' id='word_1_367' title='bbox 487 3711 547 3762; x_wconf 82' lang='lat' dir='ltr'><strong>edd.</strong></span> <span class='ocrx_word' id='word_1_368' title='bbox 563 3712 634 3761; x_wconf 69' lang='lat' dir='ltr'><strong>dium</strong></span> <span class='ocrx_word' id='word_1_369' title='bbox 645 3711 888 3774; x_wconf 70' lang='lat' dir='ltr'><strong>ciuduticproesidiis.</strong></span> <span class='ocrx_word' id='word_1_370' title='bbox 921 3711 987 3759; x_wconf 85' lang='lat' dir='ltr'><strong>Vide</strong></span> <span class='ocrx_word' id='word_1_371' title='bbox 999 3713 1073 3761; x_wconf 82' lang='lat' dir='ltr'><strong>Nou.</strong></span> <span class='ocrx_word' id='word_1_372' title='bbox 1085 3712 1161 3762; x_wconf 78' lang='lat' dir='ltr'><strong>Vm.</strong></span> 
     </span>
    </p>
   </div>
   <div class='ocr_carea' id='block_1_6' title="bbox 701 3839 811 3890">
    <p class='ocr_par' dir='ltr' id='par_1_6' title="bbox 701 3839 811 3890">
     <span class='ocr_line' id='line_1_40' title="bbox 701 3839 811 3890; baseline -0.009 0"><span class='ocrx_word' id='word_1_373' title='bbox 701 3839 811 3890; x_wconf 81' lang='lat' dir='ltr'>NOTAE</span> 
     </span>
    </p>
   </div>
   <div class='ocr_carea' id='block_1_7' title="bbox 197 3935 1299 4232">
    <p class='ocr_par' dir='ltr' id='par_1_7' title="bbox 197 3935 1299 4232">
     <span class='ocr_line' id='line_1_41' title="bbox 240 3935 1186 4000; baseline -0.004 -12"><span class='ocrx_word' id='word_1_374' title='bbox 240 3938 248 3974; x_wconf 88' lang='lat'>¹</span> <span class='ocrx_word' id='word_1_375' title='bbox 265 3936 431 4000; x_wconf 72' lang='lat' dir='ltr'><strong>Tolerabilius]</strong></span> <span class='ocrx_word' id='word_1_376' title='bbox 447 3937 535 3986; x_wconf 82' lang='lat' dir='ltr'><strong>Minus</strong></span> <span class='ocrx_word' id='word_1_377' title='bbox 546 3937 681 3986; x_wconf 77' lang='lat' dir='ltr'><strong>molestum</strong></span> <span class='ocrx_word' id='word_1_378' title='bbox 693 3935 733 3986; x_wconf 78' lang='lat' dir='ltr'><strong>iu·</strong></span> <span class='ocrx_word' id='word_1_379' title='bbox 773 3935 885 3999; x_wconf 76' lang='lat' dir='ltr'><strong>amplius</strong></span> <span class='ocrx_word' id='word_1_380' title='bbox 900 3941 925 3986; x_wconf 83' lang='lat' dir='ltr'><strong>te</strong></span> <span class='ocrx_word' id='word_1_381' title='bbox 937 3935 974 3984; x_wconf 87' lang='lat' dir='ltr'><strong>uti</strong></span> <span class='ocrx_word' id='word_1_382' title='bbox 986 3948 1035 3982; x_wconf 87' lang='lat' dir='ltr'><strong>uun</strong></span> <span class='ocrx_word' id='word_1_383' title='bbox 1048 3947 1186 3996; x_wconf 77' lang='lat' dir='ltr'><strong>possemus.</strong></span> 
     </span>
     <span class='ocr_line' id='line_1_42' title="bbox 206 4010 1294 4076; baseline 0 -10"><span class='ocrx_word' id='word_1_384' title='bbox 206 4017 280 4076; x_wconf 74' lang='lat' dir='ltr'><strong>isset,</strong></span> <span class='ocrx_word' id='word_1_385' title='bbox 302 4013 324 4063; x_wconf 79' lang='lat' dir='ltr'><strong>si</strong></span> <span class='ocrx_word' id='word_1_386' title='bbox 338 4020 366 4062; x_wconf 89' lang='lat' dir='ltr'><strong>te</strong></span> <span class='ocrx_word' id='word_1_387' title='bbox 383 4027 434 4061; x_wconf 88' lang='lat' dir='ltr'><strong>nen</strong></span> <span class='ocrx_word' id='word_1_388' title='bbox 445 4011 622 4061; x_wconf 76' lang='lat' dir='ltr'><strong>bubnisuemus</strong></span> <span class='ocrx_word' id='word_1_389' title='bbox 641 4026 733 4062; x_wconf 84' lang='lat' dir='ltr'><strong>coum·</strong></span> <span class='ocrx_word' id='word_1_390' title='bbox 802 4011 810 4056; x_wconf 83' lang='lat' dir='ltr'><strong>t</strong></span> <span class='ocrx_word' id='word_1_391' title='bbox 828 4011 928 4074; x_wconf 79' lang='lat' dir='ltr'><strong>Audiet]</strong></span> <span class='ocrx_word' id='word_1_392' title='bbox 943 4010 985 4060; x_wconf 87' lang='lat' dir='ltr'><strong>An</strong></span> <span class='ocrx_word' id='word_1_393' title='bbox 997 4011 1048 4060; x_wconf 83' lang='lat' dir='ltr'><strong>erit</strong></span> <span class='ocrx_word' id='word_1_394' title='bbox 1058 4011 1143 4060; x_wconf 78' lang='lat' dir='ltr'><strong>adbuc</strong></span> <span class='ocrx_word' id='word_1_395' title='bbox 1155 4019 1183 4062; x_wconf 88' lang='lat' dir='ltr'><strong>ut</strong></span> <span class='ocrx_word' id='word_1_396' title='bbox 1193 4021 1294 4066; x_wconf 78' lang='lat' dir='ltr'><strong>nostrus</strong></span> 
     </span>
     <span class='ocr_line' id='line_1_43' title="bbox 206 4085 1299 4157; baseline -0.001 -16"><span class='ocrx_word' id='word_1_397' title='bbox 206 4094 267 4146; x_wconf 83' lang='lat' dir='ltr'><strong>lem,</strong></span> <span class='ocrx_word' id='word_1_398' title='bbox 285 4103 359 4154; x_wconf 83' lang='lat' dir='ltr'><strong>quum</strong></span> <span class='ocrx_word' id='word_1_399' title='bbox 375 4089 396 4138; x_wconf 76' lang='lat' dir='ltr'><strong>ui</strong></span> <span class='ocrx_word' id='word_1_400' title='bbox 412 4089 567 4151; x_wconf 76' lang='lat' dir='ltr'><strong>singularem</strong></span> <span class='ocrx_word' id='word_1_401' title='bbox 580 4095 650 4138; x_wconf 79' lang='lat' dir='ltr'><strong>tuum</strong></span> <span class='ocrx_word' id='word_1_402' title='bbox 667 4089 734 4151; x_wconf 82' lang='lat' dir='ltr'><strong>capi·</strong></span> <span class='ocrx_word' id='word_1_403' title='bbox 773 4087 971 4137; x_wconf 77' lang='lat' dir='ltr'><strong>acclamationes</strong></span> <span class='ocrx_word' id='word_1_404' title='bbox 980 4087 1068 4138; x_wconf 78' lang='lat' dir='ltr'><strong>audiet</strong></span> <span class='ocrx_word' id='word_1_405' title='bbox 1077 4085 1159 4137; x_wconf 86' lang='lat' dir='ltr'><strong>bouus</strong></span> <span class='ocrx_word' id='word_1_406' title='bbox 1168 4089 1299 4157; x_wconf 72' lang='lat' dir='ltr'><strong>princepe,</strong></span> 
     </span>
     <span class='ocr_line' id='line_1_44' title="bbox 197 4154 1295 4232; baseline 0 -16"><span class='ocrx_word' id='word_1_407' title='bbox 197 4165 303 4226; x_wconf 59' lang='lat' dir='ltr'><strong>,eutium</strong></span> <span class='ocrx_word' id='word_1_408' title='bbox 319 4163 399 4214; x_wconf 72' lang='lat' dir='ltr'><strong>semel</strong></span> <span class='ocrx_word' id='word_1_409' title='bbox 418 4169 494 4229; x_wconf 78' lang='lat' dir='ltr'><strong>atque</strong></span> <span class='ocrx_word' id='word_1_410' title='bbox 511 4163 605 4214; x_wconf 85' lang='lat' dir='ltr'><strong>iterum</strong></span> <span class='ocrx_word' id='word_1_411' title='bbox 623 4163 733 4228; x_wconf 78' lang='lat' dir='ltr'><strong>experti,</strong></span> <span class='ocrx_word' id='word_1_412' title='bbox 775 4172 802 4215; x_wconf 85' lang='lat' dir='ltr'><strong>et</strong></span> <span class='ocrx_word' id='word_1_413' title='bbox 814 4179 877 4232; x_wconf 80' lang='lat' dir='ltr'><strong>quus</strong></span> <span class='ocrx_word' id='word_1_414' title='bbox 894 4163 1003 4213; x_wconf 81' lang='lat' dir='ltr'><strong>vicissim</strong></span> <span class='ocrx_word' id='word_1_415' title='bbox 1016 4154 1295 4232; x_wconf 80' lang='lat' dir='ltr'><strong>prdpupulcpmxime</strong></span> 
     </span>
    </p>
   </div>
   <div class='ocr_carea' id='block_1_8' title="bbox 0 0 1548 4848">
    <p class='ocr_par' dir='ltr' id='par_1_8' title="bbox 0 0 1548 4848">
     <span class='ocr_line' id='line_1_45' title="bbox 0 0 1548 4848; baseline 0 5"><span class='ocrx_word' id='word_1_416' title='bbox 0 0 1548 4848; x_wconf 95' lang='lat' dir='ltr'><strong> </strong></span> 
     </span>
    </p>
   </div>
  </div>
 </body>
</html>
