3088 4848
549 347 831 406 annueramus.
877 359 903 404 1.
925 343 979 406 90.
1003 341 1006 346 ’
1245 346 1313 412 atu

212 491 388 572 Testatus
406 495 600 560 clarissimo
620 497 718 572 ιίιο,Β
739 497 841 580 iungi.
886 500 919 563 4.
942 498 1011 563 Gur
1036 501 1123 565 enirn
1148 521 1215 566 non
1249 521 1311 585 pro

212 597 275 660 illo
290 615 427 680 quoque
442 599 569 679 gratias
583 617 689 680 agam,
705 619 850 682 proquo
866 618 932 664 non
948 601 1058 664 minus
1074 601 1205 666 debeo?
1227 599 1313 686 prae'-
1352 645 1355 660 ·

213 699 342 774 sertim,
364 717 441 762 curn
468 698 776 779 indulgentissimus
797 700 978 783 imperator
994 701 1029 764 in
1044 701 1225 765 concordia
1238 723 1314 768 nos·

212 806 264 868 ltu
284 813 326 862 ea·
341 800 533 881 praestiterit
550 800 734 884 'ambobus
749 819 826 882 quae
842 801 872 864 si
888 806 1019 866 tantum
1032 801 1066 864 in
1082 801 1217 864 alterum
1234 821 1312 866 cou-

210 900 355 977 tulisset,
372 902 488 967 ambos
504 907 616 966 tamen
639 901 814 984 aequaliter
832 902 1027 984 obligasset.
1070 904 1102 964 5.
1127 901 1312 986 Utrumque

211 1006 360 1074 nostrum
376 999 457 1066 illeh
480 1003 598 1084 optimi
613 1003 777 1084 cujusque
792 1003 958 1086 spoliator
972 1009 1007 1067 et
1022 1003 1184 1077 carnifex,
1195 1005 1311 1086 stragi·

212 1103 276 1166 bus
292 1099 497 1180 amicorum,i
520 1111 553 1168 et
572 1104 607 1167 iu
627 1105 819 1186 proximum
835 1104 931 1188 jacto
945 1102 1103 1168 fulminej
1128 1103 1310 1171 afflaverat.

211 1201 335 1266 Iisdem
358 1205 445 1268 enim
466 1205 586 1269 amieis
601 1205 840 1286 gloriabamur3
864 1204 998 1268 eosdem
1016 1205 1159 1268 amissos
1173 1205 1312 1286 lugeba-

212 1322 309 1368 mus:
333 1325 387 1381 ac,
402 1305 492 1369 sicut
509 1324 599 1368 nunc
614 1325 692 1387 spes
707 1305 941 1387 gaudiumque,
962 1307 1011 1369 ita
1032 1312 1111 1369 tuuc
1127 1309 1311 1372 communis

196 1403 308 1468 'nobis
334 1405 489 1469 doloret
514 1413 626 1472 metus
652 1411 735 1470 erat.
777 1407 811 1470 6.
834 1405 1013 1470 Habuerat
1037 1406 1124 1470 hune
1153 1406 1310 1472 bonorem

210 1506 373 1586 periculis
388 1508 512 1571 nostris
528 1507 626 1572 dirus
642 1497 770 1584 Nerva,
783 1513 822 1572 ut
843 1527 917 1584 nos,
934 1509 1000 1571 etsi
1014 1509 1134 1581 minua,
1152 1517 1188 1572 ut
1201 1509 1310 1573 bonos

208 1791 284 1832 voces
296 1783 426 1831 cuasam
437 1783 490 1832 viro
500 1782 595 1831 desunt
606 1780 633 1831 in
645 1781 686 1833 ed.
697 1783 813 1834 Patarol.
840 1783 873 1832 In
885 1785 1001 1833 omuibus
1013 1784 1087 1834 codd.
1100 1791 1128 1835 et
1140 1783 1237 1847 aliquot
1249 1782 1309 1833 edd.

210 1855 311 1910 tantum
331 1861 378 1907 per
397 1848 474 1910 siglas
488 1848 518 1894 C.
533 1845 562 1897 V.
579 1847 764 1909 designantur3
790 1863 847 1910 qua
864 1849 938 1911 siglae
955 1849 980 1897 iu
1002 1851 1117 1912 margine
1136 1849 1194 1896 eod.
1213 1850 1309 1898 Patar.

209 1912 376 1974 explicantur
393 1911 525 1959 consulatui
542 1917 629 1961 restro.
662 1910 698 1960 At
714 1913 833 1962 amauri
849 1914 901 1960 uiro
920 1913 946 1960 iu
966 1914 1033 1962 notis
1044 1913 1123 1961 habet
1134 1913 1228 1961 Calan.
1242 1920 1268 1959 et
1282 1913 1309 1960 itt

106 2022 109 2026 .
208 1976 265 2037 ipso
277 1985 401 2024 contextu
412 1981 600 2036 expresserunt
612 1974 672 2025 ato.
688 1975 780 2038 Stepb.
791 1976 893 2040 Grypb.
903 1976 1022 2025 Sicltard¹
1035 1985 1062 2025 et
1074 1977 1208 2024 Borborn.
1240 1975 1310 2024 Vide

208 2041 286 2090 Nott·
303 2039 426 2088 Vara-l
443 2039 527 2088 Codd.
543 2040 618 2087 Vatt.
637 2043 661 2090 1.
679 2050 707 2088 et
725 2041 819 2088 Patav.
838 2055 882 2102 pro
898 2055 944 2102 prro
963 2041 1130 2089 miuusdebeo.
1164 2041 1236 2102 Mox,
1249 2039 1308 2090 cod.

208 2103 385 2153 Sehwarziau.
410 2119 462 2164 guoe
478 2105 500 2152 si
517 2109 651 2152 tamem—5
669 2103 781 2166 Gnelpb.
803 2118 850 2166 pro
866 2107 989 2170 afflaverat
1006 2103 1220 2166 ltabetodfluemt.
1254 2104 1308 2152 Pro

206 2168 298 2216 eoadem
308 2169 415 2223 amusos,
433 2167 475 2216 ed.
495 2169 567 2226 Lipe.
579 2168 656 2216 babet
667 2171 759 2216 eosdem
769 2169 863 2218 ambos.
897 2169 979 2218 codd.
995 2169 1059 2218 Vat.
1070 2173 1094 2218 4.
1108 2169 1191 2218 Paris.
1201 2169 1309 2218 Venett.

208 2233 231 2279 l.
244 2236 268 2280 2.
279 2231 391 2293 Guelplt.
410 2231 503 2280 Salisb.
515 2233 611 2281 Patar.
620 2232 792 2283 Sclrttaraian.
804 2242 832 2282 et
843 2233 885 2282 ed.
897 2233 982 2282 Hack.
995 2233 1057 2282 siem
1069 2248 1129 2296 sper,
1144 2235 1238 2281 omissa
1250 2245 1308 2294 par-

207 2295 287 2343 ticula
298 2299 419 2344 anua-d
434 2296 542 2356 ‘Lipsio
552 2296 608 2343 baae
626 2297 680 2344 vira
691 2306 751 2344 sunt
761 2298 786 2344 in
799 2295 863 2344 vitio
874 2311 943 2356 esre,
952 2311 1022 2358 tegre
1034 2297 1089 2344 siue
1100 2298 1174 2346 libris
1186 2297 1307 2346 tollendo.

207 2358 283 2407 Idem
299 2360 368 2408 nisus
383 2366 424 2407 est
443 2359 574 2409 deiectum
593 2361 631 2408 sie
650 2361 790 2422 supplere:
813 2361 859 2409 etsi
869 2361 948 2408 minua
962 2364 1038 2421 notor,
1047 2365 1072 2408 nt
1086 2361 1156 2408 bonos
1166 2366 1254 2419 tamea,
1265 2363 1307 2422 dfe.

208 2423 286 2474 Quod
313 2424 521 2486 supplementum
540 2425 567 2472 in
585 2431 734 2472 contextum
755 2424 912 2486 Panegyrici
934 2423 1060 2472 admisere
1080 2423 1260 2486 Berueggerus
1280 2432 1309 2476 et

207 2486 337 2536 Hackius.
369 2487 452 2536 Codd·
468 2488 585 2536 Venetus
602 2494 631 2536 et
647 2487 895 2549 Guelpberbytanus
914 2485 1033 2536 referunt
1052 2488 1183 2548 vulgatam
1196 2487 1308 2548 scriptu-

207 2565 277 2611 ram;
294 2551 451 2600 Paririensis
462 2552 628 2606 eademnam
641 2557 670 2599 et
681 2551 789 2611 Noster,
807 2565 837 2599 ac
855 2550 969 2597 nonnulli
986 2550 1047 2598 libri
1065 2550 1165 2612 excusi,
1182 2552 1308 2600 omittunt

207 2617 363 2680 particulam
380 2621 468 2665 tamen.
500 2616 556 2665 Nos
573 2614 711 2678 aliquando
727 2613 908 2676 opinabamur,
920 2613 990 2662 boans
1000 2615 1050 2662 boe
1061 2615 1118 2663 loco
1130 2628 1199 2662 ntore
1212 2615 1308 2663 Sallus-

206 2681 352 2793 lutat?
363 2679 572 2793 ttt‘tttttft
584 2676 1307 2803 aititltfflltl'tttrt‘tt‘tt'latitat:

207 2809 270 2871 ipsis
282 2779 353 2858 nunc,
360 2809 416 2856 brec
429 2806 558 2857 satisfacit
569 2807 717 2870 explicatio.
751 2806 948 2872 Aequieecimus
961 2807 1062 2854 interea
1073 2807 1171 2869 vulgar-i
1185 2807 1308 2869 lectione,

193 2887 288 2936 'usque
306 2873 366 2921 dum
388 2874 479 2921 melior
496 2887 510 2920 e
532 2873 641 2920 vetustis
660 2871 793 2921 codicibus
810 2881 926 2928 eruatur,
945 2871 1133 2928 existimantes,
1147 2871 1259 2919 Plinium
1272 2886 1306 2920 ex

206 2937 335 2986 modestia
354 2937 466 2984 noluisse
485 2937 570 2998 ipsum
589 2949 763 2997 saeuamque
781 2936 916 2996 collegam,
934 2935 1005 2982 bonos
1024 2950 1132 2984 vocate:
1151 2935 1218 2985 baud
1231 2950 1305 2984 secus

206 3001 272 3061 lere,
284 3016 315 3048 ac
334 3002 453 3064 sequenti
465 3001 551 3059 capite
568 3012 624 3048 xct.
635 3003 659 3050 3.
670 3004 695 3048 l.
706 3001 742 3048 ait
755 3015 762 3047 ε
777 3001 786 3027 ⁴
799 3000 897 3049 Obstat
909 3000 1075 3058 verecundia,
1085 3015 1135 3062 quo
1147 3001 1230 3048 miuus
1247 3015 1306 3063 per·

206 3080 368 3125 censeamus,
381 3079 431 3127 quo
443 3073 581 3126 utrumque
593 3072 708 3111 nostrum
720 3063 869 3112 testimonio
880 3063 978 3111 ornaris
988 3063 1137 3124 3...Merito,
1148 3078 1239 3123 necne,
1247 3078 1307 3112 neu-

205 3137 271 3178 tram
281 3130 307 3178 in
321 3137 420 3191 partem
433 3129 574 3177 decernere
585 3126 759 3188 audeamus,''
771 3130 819 3175 &a
837 3125 958 3176 Sciroarz.
974 3125 1043 3174 ‘Etsi
1052 3126 1137 3186 tainus,
1148 3133 1175 3175 ut
1187 3130 1255 3176 bonos
1266 3133 1304 3175 ta·

205 3210 258 3244 mea
275 3208 350 3256 mom.
368 3193 434 3244 Cell.
467 3193 503 3241 Et
521 3194 543 3242 ιι·
559 3191 712 3241 minutati.
726 3207 752 3254 p.
772 3191 873 3240 Hearu.
911 3190 964 3238 Etsi
974 3192 1052 3239 miuus
1062 3196 1138 3253 notos,
1150 3197 1177 3240 ut
1189 3191 1259 3240 bonos
1271 3197 1307 3240 ta·

716 3333 828 3384 NOTAE
899 3351 902 3357 ·

238 3431 247 3468 ¹
263 3437 369 3483 Comata
383 3433 500 3496 Tenatio]
518 3433 599 3495 Cujus
611 3432 734 3481 sanctita·
775 3429 895 3480 ‘Occisis
910 3430 1057 3494 Senecione,
1077 3433 1197 3494 Rustico,
1214 3431 1305 3483 Helvi·

208 3516 260 3560 tem
274 3510 364 3559 laudat
376 3509 476 3558 Plinius
489 3510 573 3572 Epist.
587 3523 634 3559 κν.
645 3514 670 3557 5.
776 3507 835 3557 dio:
854 3508 975 3570 relegatis
987 3508 1245 3575 Mauricadrautta,
1256 3509 1304 3559 Ar·

239 3585 409 3634 scurissimo
427 3585 479 3634 siro
501 3587 545 3648 [c.
571 3585 614 3647 tt]
630 3584 662 3633 ld
683 3589 736 3644 est,
778 3582 956 3646 ria,l·'anuia.'
1067 3643 1072 3650 1

205 3661 397 3709 deraemistae
415 3665 443 3707 ut
458 3663 534 3720 putat
554 3659 683 3708 Livineius
701 3673 737 3707 ex¹
784 3695 786 3700 .
805 3657 902 3708 idacio
913 3657 1030 3719 solmiac]
1048 3659 1086 3706 Eo
1105 3658 1219 3722 pertinet
1238 3660 1304 3708 illud

207 3737 290 3785 reteri
301 3735 401 3785 codice.
436 3732 487 3783 Alii
507 3735 598 3797 legunt
618 3734 738 3782 remeari
777 3732 856 3784 Plinii
864 3734 882 3782 l.
892 3734 908 3778 Ι.
920 3733 989 3780 ‘Tot
1001 3733 1068 3780 circa
1079 3746 1120 3781 me
1127 3733 1207 3794 jactis
1218 3732 1304 3782 fulmi-

205 3811 324 3871 uiro‚aed
343 3810 473 3858 Cornutus
488 3809 622 3858 Tertullus
637 3810 735 3857 nullum
777 3809 823 3857 bus
850 3809 925 3871 quasi
952 3808 1093 3870 ambustos,
1110 3809 1170 3857 milri
1200 3817 1305 3874 quoque

205 3886 288 3934 adbuc
298 3887 458 3935 consulatum
469 3891 596 3947 gesserat.
776 3883 926 3946 impendere
938 3883 1006 3933 idem
1025 3884 1130 3934 exitium
1148 3885 1226 3934 certis
1249 3888 1305 3950 qui·

238 3961 327 4024 ¹¹ille]
361 3961 530 4018 Domitianus,
550 3961 596 4026 qui
623 3959 735 4024 optimos
775 3961 883 4010 busdam
900 3961 967 4010 notis
985 3959 1149 4023 augurabar!
1184 3961 1238 4009 Has
1256 3963 1305 4012 im·

204 4050 322 4101 quosque
338 4035 514 4093 interfecerat,
533 4045 563 4088 ut
576 4037 677 4086 illorum
690 4036 734 4086 bo·
776 4045 925 4099 peratomm
940 4035 1174 4085 animadversiones
1192 4034 1304 4086 Ovidius

205 4115 246 4162 ais
256 4113 409 4163 ditesceret.
485 4129 490 4137 ·
593 4121 596 4130 '
775 4112 920 4164 ‘t'dlmiua’
939 4113 1071 4176 appellat:
1095 4111 1214 4162 ‘Savum
1235 4125 1304 4178 pra·

241 4188 411 4252 ΙΑιιιὶωιιιιιι]
430 4189 500 4240 Pliu.
522 4188 607 4253 Epist.
629 4202 673 4240 ιιι.
695 4193 735 4242 tt.
775 4190 850 4242 lustri
861 4188 958 4240 fulmen
969 4186 1003 4238 ab
1015 4201 1076 4238 arce
1087 4187 1178 4238 veuit!
