3088 4848
233 346 302 420 tu
593 361 625 408 c.
649 359 773 419 estun
795 359 959 418 sanuses
979 405 1004 420 r.

236 506 411 582 bonorem,
425 501 483 573 sed
494 512 655 588 tnuqnnm
667 503 808 584 libertis,
822 505 946 586 babes3
970 507 1169 592 abundeque
1182 507 1330 588 sufficere

235 607 289 670 bis
304 605 423 681 credis,
437 607 466 668 si
481 605 577 689 probi
599 612 633 670 et
650 605 747 688 frugi.
757 609 994 680 existimentur.
1041 609 1116 674 Scis
1132 610 1234 687 enim,
1249 629 1333 694 proo-

237 707 371 790 oipuum
394 726 471 772 esse
489 706 646 772 indicium
665 728 733 778 uon
755 709 867 790 magui
884 710 1061 793 principis,
1077 721 1215 792 magnos
1230 711 1332 776 liber·

236 813 301 885 tos.
345 809 377 874 3.
399 806 454 874 Αο
475 811 617 893 primunr
638 811 800 878 neminem
822 813 856 877 in
879 833 941 877 usu
960 814 1079 887 babes,
1099 813 1162 884 nisi
1182 818 1242 877 aut
1260 814 1332 885 tibi,

237 919 299 974 aut
321 909 409 991 patri
432 916 504 987 tuo,
526 917 584 976 nut
606 912 736 995 optimo
767 911 889 994 cuique
912 911 1131 996 [principum]
1153 914 1331 979 dilectum:

237 1009 357 1082 deinde
372 1012 485 1084 statim
501 1011 563 1080 hos
577 1012 696 1095 ipsos⁸
718 1013 871 1098 quotidie
885 1015 932 1080 ita
944 1015 1078 1093 formas,
1090 1022 1178 1082 ntso
1193 1033 1258 1079 non
1272 1019 1333 1078 tua

697 1191 884 1214 OOONOWNO

237 1299 356 1367 lusorem,
375 1323 432 1372 quse
450 1309 579 1372 scriptura
601 1309 711 1370 Bnndio,
732 1310 820 1373 Cere,
836 1317 864 1359 et
886 1309 1006 1358 Gesnero
1025 1306 1132 1371 placuit.
1173 1306 1224 1356 Har
1247 1320 1335 1373 voces,

236 1371 576 1450 mnsmqnemfficerecredis,
587 1373 767 1424 desiderantur
776 1374 801 1423 in
813 1374 871 1423 cod.
882 1373 968 1422 Paris.
985 1372 1114 1435 prodeest
1125 1371 1151 1419 in
1163 1371 1334 1420 Sclrwarzian.
1374 1387 1377 1394 ⁴

236 1439 286 1484 -8
304 1439 311 1462 ⁸
324 1437 394 1485 Olim
405 1452 432 1487 ru
443 1439 531 1486 multia
543 1438 617 1488 libris
632 1440 715 1487 minna
725 1446 787 1501 apte
799 1438 946 1502 legebatur,
959 1437 1046 1499 optimo
1061 1437 1169 1498 enipeum
1184 1435 1335 1498 principem,

238 1512 314 1574 qnam
331 1501 468 1550 lectionem
481 1501 564 1552 ndlrnc
577 1503 813 1579 retinnitPatarol.
845 1503 896 1552 Sed
908 1501 963 1577 jam
974 1501 1120 1549 Beroaldus
1136 1506 1164 1547 et
1172 1499 1275 1575 Lipsius
1287 1513 1335 1560 pro

236 1573 758 1701 ttfttttrttt‘ittltttl‘titt.
771 1560 1335 1682 tltstititltlsiltntitti'tlt

233 1693 368 1753 principans
386 1694 521 1746 eliminare
543 1696 629 1744 veiim.
671 1696 743 1747 Quot
763 1696 831 1745 enim
849 1705 910 1746 unte
926 1692 1067 1758 Trajannm
1084 1699 1110 1742 et
1127 1691 1240 1741 Nervam
1256 1697 1336 1748 ¹eraut

238 1755 372 1818 principes
382 1757 483 1819 optimi.
495 1758 597 1822 quibus,
608 1760 651 1823 qni
662 1765 723 1809 tnnc
736 1759 857 1809 eivebsnt
869 1773 954 1808 rernm
967 1757 1119 1818 administri,
1135 1756 1267 1818 potuerint
1278 1770 1336 1818 pro·

237 1818 314 1868 bari?
346 1821 415 1896 datis
427 1823 459 1872 ad
471 1823 573 1874 laudern
585 1836 674 1874 eornm
685 1832 753 1901 erat,
761 1826 783 1874 ai
794 1824 916 1900 Trojano,
929 1829 973 1871 ant
991 1823 1096 1898 Nereae,
1108 1827 1153 1869 aut
1163 1821 1256 1897 cuique
1268 1821 1337 1882 cpti-

238 1884 1337 2016 itttltltlltttittlltrlttttttti:existitisillitis:

239 2012 444 2078 animatamque&
455 2030 542 2065 rernm
555 2017 625 2065 nulls
636 2017 770 2066 varietatis
782 2015 943 2079 vestigialric
953 2013 1189 2075 animadvertimus,
1201 2027 1283 2076 neqne
1294 2027 1336 2062 ne·

240 2089 313 2124 cesse
325 2085 455 2139 putamus,
475 2087 504 2128 nt
519 2081 652 2142 pristinam
665 2081 819 2143 scripturam
832 2079 994 2144 rejiciamus:
1014 2086 1105 2126 contra
1119 2085 1205 2125 autem
1223 2077 1337 2140 partien-

240 2139 290 2188 lam
302 2145 334 2195 et.
353 2150 414 2191 unte
432 2156 510 2192 voces
528 2149 594 2192 tuate
604 2145 691 2206 magis,
707 2145 829 2206 positam,
840 2143 954 2192 malimus
966 2141 1107 2202 dimittere,
1118 2151 1161 2189 ant
1174 2143 1264 2205 saitem
1277 2155 1336 2189 cnm

238 2204 368 2265 particula
379 2211 405 2255 at
415 2207 591 2256 commotare!
609 2208 729 2257 Sanam.
763 2205 856 2257 ‘Bene
870 2207 990 2268 cuiquam,
1002 2205 1071 2269 qnod
1084 2209 1141 2253 erat
1152 2205 1177 2252 in
1188 2205 1338 2268 antiquissi-

240 2266 374 2316 rnisetiam
386 2270 475 2330 editis,
487 2276 614 2318 mntatnm
626 2277 666 2320 eat
682 2272 709 2318 in
718 2271 810 2333 cuique,
820 2285 878 2319 cnm
896 2269 999 2318 additus
1016 2270 1188 2330 superlativus
1206 2270 1281 2318 istam
1293 2279 1337 2316 vo·

241 2331 325 2380 culam
337 2335 463 2397 requirat,
478 2338 508 2382 nt
524 2334 599 2382 latina
617 2333 776 2383 ostendimus
788 2335 820 2384 ad
833 2335 937 2383 Victor.
949 2333 1021 2395 Epit.
1033 2345 1104 2382 xarr.
1114 2338 1155 2382 21.
1190 2334 1249 2382 Nec
1261 2333 1337 2381 aliter

241 2395 329 2444 atatim
341 2410 400 2459 cap.
411 2400 452 2446 ⁹⁰.
468 2399 476 2428 ⁴
489 2398 539 2447 lile
551 2399 641 2460 optimi
660 2398 785 2463 cujusque
802 2399 926 2461 spoliator
937 2407 965 2446 et
976 2397 1110 2445 carnifex!
1142 2397 1285 2459 Principum
1297 2410 1339 2444 rc·

236 2460 304 2522 jecit
316 2475 419 2526 qrroqne
431 2462 580 2511 Gesnerus:
593 2465 739 2526 exempinnr
751 2462 778 2512 id
790 2477 840 2512 non
851 2477 926 2512 anans
937 2476 991 2510 snm
1002 2461 1087 2523 sequi,
1096 2475 1154 2509 cnm
1162 2462 1222 2509 mibi
1235 2474 1339 2523 persna-

242 2525 327 2586 deam,
338 2532 465 2576 oratorem
482 2527 523 2576 bie
541 2527 681 2590 Trajannm
700 2541 750 2577 non
764 2535 816 2577 tam
828 2543 886 2577 cum
899 2525 1004 2590 reliquis
1015 2525 1114 2574 civibus
1125 2523 1254 2586 conferre,
1267 2533 1293 2573 et
1305 2525 1338 2574 ad

241 2602 287 2638 eos
299 2591 436 2649 respicere,
453 2606 529 2653 qrram
542 2593 627 2652 potins
642 2592 753 2656 reliquos
770 2591 951 2653 precedentes
964 2589 1104 2654 principes,
1116 2589 1184 2652 qnod
1198 2604 1244 2652 per
1256 2595 1338 2638 totnrn

240 2653 310 2702 bunc
331 2655 521 2717 Panegyricum
538 2655 602 2704 facit
618 2657 722 2722 ubique.
755 2655 809 2706 Cur
828 2671 879 2706 noo
897 2656 960 2704 licet
977 2654 1126 2716 intelligere
1143 2653 1338 2717 Vespasianum

240 2718 337 2780 Titum,
349 2719 483 2773 Nervam?
506 2722 537 2770 ln
550 2720 613 2769 meis
622 2717 1178 2784 Voaaiiexcerptisnihilbicdesiderabntnr.
1211 2719 1339 2780 Deinceps

242 2783 365 2845 repetitio
375 2792 404 2834 et
421 2786 562 2834 cumulatio
572 2791 612 2834 tot
622 2784 801 2834 adverbiorum
814 2799 864 2833 non
876 2784 961 2839 viden,
980 2783 1107 2846 qrromodo
1118 2783 1236 2846 cuiqnam
1248 2783 1340 2845 possit,

242 2855 289 2896 aut
301 2847 395 2896 debent
407 2849 522 2908 placere,
532 2857 558 2897 et
571 2857 663 2898 temen
676 2849 713 2898 lta
724 2857 875 2899 constanter
887 2844 972 2911 reperi
984 2847 1092 2902 editum,
1108 2847 1158 2894 nisi
1173 2846 1242 2908 quod
1258 2847 1340 2895 inter·

242 2924 304 2970 pres
317 2911 483 2960 Minellianns
494 2912 598 2962 dederit
608 2913 713 2960 dictum:
732 2913 836 2976 (errore
851 2914 1128 2975 ryportremmmcerts
1140 2925 1187 2974 pro
1197 2913 1310 2959 ridentum
1318 2908 1340 2974 .·)

241 2974 284 3023 hos
292 2975 354 3036 ipsos
360 2976 463 3037 qnotidie
471 2977 597 3039 statimque
604 2976 688 3024 deinde
698 2976 734 3024 itu
739 2975 851 3036 fornicar
862 2977 941 3025 multo
949 2975 1071 3037 ineptius.
1090 2977 1125 3024 Et
1132 2975 1214 3024 codex
1224 2974 1340 3037 Gneipb.

241 3039 370 3101 statimque
386 3044 413 3088 nt
430 3039 470 3088 bns
486 3041 630 3104 termimum·
656 3041 761 3088 Etenim
778 3041 822 3089 vix
838 3041 938 3097 dubito,
955 3041 1016 3104 quin
1034 3040 1137 3100 gravina
1154 3040 1229 3088 nlcrrs
1246 3039 1342 3100 lateat,

242 3103 311 3166 qnod
323 3118 372 3152 non
383 3104 430 3152 nisi
441 3120 455 3152 a
466 3104 613 3153 melioribus
626 3103 759 3153 codicibus
770 3107 931 3155 curationem
944 3111 1077 3166 expectat.
1111 3104 1189 3164 Lipsii
1201 3103 1262 3151 illud
1274 3103 1340 3152 ‹esti-

243 3174 378 3231 mctemqne
391 3183 493 3231 vereor,
510 3183 542 3216 ne
555 3169 722 3219 transcendat
735 3176 830 3220 statum
848 3177 874 3218 et
886 3169 1060 3234 conditionem
1071 3166 1236 3223 libertorum,
1249 3167 1340 3228 qrribus

242 3233 306 3282 satis
318 3239 383 3286 erat,
395 3233 416 3280 ai
428 3233 639 3283 existimarentur
649 3234 724 3297 probi
735 3239 763 3283 et
773 3231 840 3289 truci
853 3234 902 3282 anb
913 3234 986 3282 bonis
997 3230 1163 3295 principibus.
1198 3232 1339 3281 Crederem

245 3297 276 3344 ad
289 3295 432 3358 principum
445 3297 555 3358 iliorum,
572 3299 615 3360 qni
628 3312 678 3347 non
690 3298 738 3346 nisi
750 3300 856 3350 meritos
868 3307 895 3347 et
911 3298 1003 3361 dignos
1015 3296 1048 3346 nd
1064 3311 1135 3344 snam
1148 3296 1284 3345 amicitiam
1297 3294 1341 3344 ad·

244 3361 389 3416 mitterent,
406 3360 507 3410 laudern
526 3362 610 3424 potius
632 3364 773 3424 pertinere,
789 3363 808 3412 si
826 3363 946 3420 dixisset,
960 3364 1071 3411 dilectum
1088 3361 1264 3423 probatamque,
1282 3375 1343 3422 qum

245 3425 396 3487 conjectura
408 3425 489 3474 minnr
502 3426 587 3475 srrdnx
600 3425 712 3488 videtur,
728 3441 785 3476 cum
805 3428 888 3490 prima
905 3427 1005 3488 syllaba
1017 3432 1079 3474 nota
1089 3425 1171 3476 literne
1181 3441 1198 3488 p
1209 3424 1341 3485 exprima·
1418 3435 1420 3442 ⁸

245 3495 297 3535 tur.
331 3487 365 3536 Et
381 3489 418 3536 sic
432 3503 494 3537 sane
507 3491 604 3539 Noster
615 3489 701 3554 Epist,
714 3505 764 3539 vn.
778 3495 803 3539 9.
820 3491 888 3544 ‘Qni
900 3490 996 3553 nimbi,
1009 3491 1073 3538 adeo
1084 3497 1172 3537 notum
1192 3488 1341 3550 probatum-

245 3565 294 3614 que
306 3561 356 3612 est,
374 3559 402 3601 nt
413 3552 631 3602 demonstratione
643 3569 692 3603 non
705 3554 797 3616 egeat)
830 3555 934 3616 Inspice
945 3553 981 3602 ibi
993 3553 1108 3602 Cortium
1125 3562 1151 3600 ct
1166 3553 1294 3601 Pricaeum
1307 3551 1340 3601 ad

245 3627 280 3665 11.
295 3616 407 3665 Timoth.
424 3621 448 3666 ².
468 3621 507 3667 lu.
549 3619 584 3666 Et
596 3619 617 3666 si
629 3619 760 3666 audaciori
773 3631 828 3668 esse
841 3620 928 3678 licent,
940 3619 1026 3680 potuit
1043 3633 1091 3666 vox
1103 3618 1196 3675 deinde,
1210 3633 1266 3680 qum
1278 3617 1344 3665 satis

245 3693 404 3743 supervacua
417 3691 473 3740 est,
495 3682 619 3737 orininem
639 3683 748 3732 traxisse
764 3697 797 3730 ex
818 3683 917 3731 duabus
935 3681 1031 3731 ultimis
1050 3681 1154 3744 syllabis
1170 3680 1343 3744 precedentis

245 3745 365 3809 qnotidier
377 3753 404 3796 nt
421 3748 470 3810 legi
484 3755 579 3810 posset,
593 3748 704 3800 dilectam
712 3747 879 3812 probatumque
886 3763 897 3806 ,·
915 3749 958 3797 tos
968 3747 1032 3810 ipsos
1041 3745 1147 3810 qnotidie
1157 3745 1210 3797 itu..
1235 3745 1287 3794 Vel
1298 3760 1342 3796 co·

741 3894 848 3946 Nom

246 3993 342 4040 tionem
363 3992 429 4039 benc
455 3989 627 4047 remitterent,
647 3991 773 4052 Traianus
814 3990 897 4039 locum
924 3988 964 4038 ita
989 3987 1131 4038 restitnnnt
1154 3986 1283 4036 Gruterus
1311 3991 1342 4036 et

248 4068 420 4130 pulcherrime
440 4065 514 4122 dixit,
537 4067 545 4093 ⁴
561 4067 619 4116 Nec
637 4067 681 4115 ille
694 4062 773 4128 Poly·
814 4065 933 4126 Lipsius:
950 4063 1192 4126 Artoptimooaique
1206 4060 1348 4125 prireipssa'

249 4143 342 4198 cletus,
355 4156 403 4191 nec
414 4157 463 4204 ego
474 4141 566 4193 Nero!
814 4141 935 4200 dilectum,
943 4140 1146 4201 animatumque.-
1162 4139 1205 4189 lros
1213 4139 1276 4202 ipsos
1286 4145 1344 4200 quo·

281 4216 395 4267 aarum
403 4218 526 4284 toa-ipssa]
539 4220 696 4288 corruptum
707 4216 777 4268 lmne
814 4215 968 4272 tidis2dsinde
982 4217 1130 4276 itasormss.
1339 4213 1343 4222 '
