3088 4848
520 404 802 454 raurouarcue.
848 407 873 452 r.
895 393 950 458 54.
1212 395 1279 464 273

176 543 290 626 pocula
306 545 391 616 atui
406 545 508 621 cultu,
524 555 559 608 ta
573 546 720 612 ludicras
735 553 835 626 artes,
851 549 1049 614 removisti!
1087 553 1182 620 Seria
1197 571 1276 634 ergo

182 651 218 706 tc
233 639 391 722 carmina,
402 647 574 728 honorque
589 655 734 714 aeternus
750 649 946 726 curialium,g
961 671 1026 716 non
1036 650 1110 717 baee
1122 653 1279 720 brevisct

180 746 339 826 pudenda
353 747 552 828 praedicatio
566 748 674 812 colit-³
719 748 808 827 Quin
833 751 933 819 etiam
949 757 1041 816 tauto
1057 751 1184 836 majore
1200 774 1277 818 con·

181 865 281 911 sensu
294 847 327 911 in
343 849 584 940 uenerationem
600 849 647 913 tui
664 849 793 916 tbeatra
813 851 890 935 ipsa
905 850 1159 934 consurgent‚⁴¹¹
1173 874 1276 937 quan·-

182 951 218 1010 to
234 947 342 1025 magis
362 946 404 1012 de
422 955 454 1014 te
476 939 587 1016 scanni
605 951 757 1016 silebunt.
801 953 833 1016 3.
857 952 924 1017 Sed
945 953 1025 1035 qnid
1040 973 1102 1035 ego
1116 955 1205 1019 istud
1218 956 1277 1022 ad·

181 1046 309 1124 mirort
332 1067 405 1110 cnm
421 1068 481 1114 cos
496 1069 629 1136 quoquc
651 1051 889 1137 honorosa-qni
910 1055 968 1120 tibi
987 1056 1121 1120 anobis
1137 1053 1276 1122 offerun-

182 1153 244 1226 tur,
265 1153 323 1212 aut
343 1147 509 1214 delibarei
532 1151 739 1232 parcissime,
762 1161 821 1219 aut
834 1155 971 1218 omnino
987 1137 1098 1220 soleae
1114 1174 1277 1234 recusare-

182 1247 280 1313 Nibil
295 1255 371 1312 ante
392 1254 460 1312 tam
477 1251 624 1331 vulgare,
642 1257 710 1318 tam
735 1273 886 1336 parvum,
900 1256 935 1317 in
957 1266 1076 1320 senatu
1103 1257 1275 1338 agebatur,

181 1355 221 1412 ut
237 1367 304 1412 uon
330 1348 493 1414 laudibus
516 1352 703 1434 principum
725 1353 992 1433 immorarentur,·'
1013 1357 1276 1440 quibuscumque

180 1445 357 1514 censendij
381 1451 568 1516 necessitas
580 1451 769 1518 accidisset.
792 1456 826 1516 4.
843 1449 896 1517 De
906 1454 1096 1536 ampliando
1109 1455 1276 1522 numero&

180 1549 411 1630 gladiatorum,
425 1556 485 1617 aut
499 1550 542 1615 de
556 1550 755 1616 instituendo
770 1551 912 1644 collegio
924 1553 1104 1631 fabrorum,
1119 1558 1274 1625 consule·

180 1650 309 1727 bamur,
331 1657 377 1727 et,
402 1651 500 1734 quani
531 1652 672 1734 prolatis
694 1653 827 1736 imperii
849 1652 984 1730 finibus,
1007 1673 1093 1722 nnnc
1124 1656 1275 1739 ingentes

208 1865 225 1908 s
240 1867 277 1915 Tu
288 1873 352 1917 nrtee
362 1869 515 1918 biatrr'orrr'eee
527 1870 596 1930 louge
606 1869 716 1932 repulisti
726 1884 742 1917 a
752 1875 775 1918 te
785 1871 911 1920 laudando.

211 1937 225 1971 Ι
243 1931 298 1978 Noa
309 1933 355 1980 cito
366 1935 496 1982 interitura
505 1933 547 1982 illa
558 1939 582 1982 et
593 1933 732 1994 imperatore
744 1935 845 1994 indigae
853 1935 905 1982 lune
914 1935 1069 1984 commendat.

212 1991 225 2024 ¹¹
243 1995 292 2049 Qui
300 1996 325 2044 in
336 1997 666 2057 lacrumantumque
678 2001 705 2044 ut
715 2001 739 2045 te
749 2002 896 2046 verterentur.

210 2053 219 2088 ¹
235 2059 300 2117 Quia
309 2066 401 2123 portent
411 2062 522 2124 temporie
532 2064 691 2110 commem
701 2061 727 2108 ie
738 2061 862 2112 laudandis
871 2060 1027 2126 principibu.

179 2315 273 2363 beatur.
306 2315 372 2364 Cod.
390 2316 485 2365 Pater.
505 2316 703 2365 amabatur-a
720 2317 818 2380 Vulgg.
830 2319 866 2366 Tu
878 2319 961 2380 procrd
976 2333 991 2365 u
1009 2318 1046 2367 tal
1063 2318 1138 2376 enlin,
1149 2320 1189 2377 lsc.
1215 2316 1274 2365 cod.

179 2379 272 2427 Pater.
286 2379 321 2427 Ta
330 2380 412 2441 procul
422 2397 437 2428 u
448 2385 488 2428 tuo
503 2382 577 2434 caua,
594 2383 635 2442 &a
667 2382 820 2430 lectionem
840 2391 954 2430 nostram
972 2395 1004 2428 ex
1013 2379 1101 2429 'tribue
1113 2380 1188 2430 codd.
1200 2379 1274 2431 dedit

177 2442 346 2492 Scirearziua.
379 2444 446 2492 Vide
467 2445 544 2493 Nott.
564 2444 639 2491 Varr.
674 2445 743 2494 Seria
758 2450 853 2504 argute
869 2445 1072 2494 emmanuet
1090 2444 1274 2492 Excvoea-

177 2509 193 2553 t
210 2506 302 2554 Vener.
315 2511 339 2554 l.
354 2507 415 2556 illud
430 2507 505 2555 miror
513 2525 523 2564 ,-
541 2508 630 2556 Salieb.
641 2508 706 2556 brun
716 2510 828 2557 admirer.
862 2509 933 2569 Mox,
945 2508 1055 2569 Guelpb.
1064 2523 1080 2555 e
1090 2508 1157 2554 trebie
1169 2505 1274 2568 qffmu·

177 2575 227 2617 teu.
260 2571 343 2618 Panlo
355 2580 424 2632 poet,
435 2570 493 2618 eod.
505 2571 716 2619 ratramnum
724 2585 748 2631 p.
756 2573 909 2620 honoraretur
916 2587 926 2628 ,·
944 2573 1008 2619 Ere.
1021 2572 1094 2618 Vom-
1113 2571 1130 2619 l.
1140 2585 1165 2630 p.
1176 2574 1275 2622 maora.

175 2637 260 2683 reatar
267 2649 278 2688 c
296 2630 355 2688 edd.
367 2639 432 2682 vett.
444 2641 471 2681 et
483 2633 590 2694 cuspin.
604 2635 621 2680 l.
635 2648 661 2694 p.
673 2635 856 2690 immoraretur&
874 2635 950 2684 codd.
961 2635 1033 2683 Vett.
1046 2637 1068 2681 Ι.
1079 2638 1104 2682 2.
1115 2635 1139 2681 3.
1149 2635 1173 2680 t.
1191 2632 1276 2680 Paria.

177 2697 284 2745 Venett.
302 2701 325 2746 1.
340 2701 366 2744 2.
390 2697 481 2744 Salinb.
494 2697 554 2745 edd.
567 2697 650 2744 Lirin.
660 2697 739 2745 Grut.
751 2698 824 2758 Lipe.
839 2698 950 2746 Pareae.
966 2699 1079 2758 Berueg.
1091 2697 1179 2744 Grenr.
1191 2696 1273 2744 Banu.

177 2761 277 2810 Hearc.
288 2761 349 2809 Cer.
360 2759 442 2809 Genu.
452 2763 469 2808 l.
477 2775 502 2822 p.
512 2760 751 2810 immoratae-4
770 2761 810 2810 De
819 2762 974 2823 omptume
983 2775 1039 2811 nere
1045 2762 1206 2823 guerrarum
1214 2759 1274 2810 eod.

669 2911 779 2962 NOTAE

209 3009 377 3074 edunallam]
406 3007 518 3058 Annales
534 3019 576 3058 ree
593 2997 704 3071 pluriam
745 3022 881 3061 teneuram
898 3023 913 3058 a
928 3015 1020 3058 uenatu
1040 3009 1152 3060 oblatam
1171 3021 1274 3060 recura-

174 3097 309 3146 ecnornm,
320 3091 423 3133 terreto
441 3085 566 3148 cujusque
585 3083 645 3131 euni
663 3098 705 3132 or·
745 3083 792 3133 rit.

177 3160 249 3217 diae,
272 3161 495 3224 complectuntur,
518 3158 627 3207 blrtoria
653 3171 704 3205 non
774 3156 928 3220 temneret]
952 3155 1274 3213 Idert,‹llcendirecteu·

176 3234 264 3286 item:
287 3249 358 3298 eoepe
383 3241 468 3284 tamen
493 3232 562 3297 apud
584 3238 704 3280 auctores
744 3233 817 3281 tiam.
850 3233 910 3281 Vox
931 3231 1056 3281 ferentia:
1083 3229 1272 3281 ‘Senatue‘id

176 3311 371 3362 confunduntur
388 3311 444 3360 bec
465 3310 525 3359 duo.
554 3308 614 3358 Aul.
634 3309 703 3358 Geli.
745 3304 864 3356 cenauit!

178 3401 206 3438 v.
220 3391 260 3436 18.
306 3419 312 3434 .
776 3381 846 3430 kDe
864 3382 996 3445 nmplturrdo
1011 3380 1117 3444 numero]
1141 3381 1273 3432 Juxtale·

208 3461 222 3496 θ
240 3462 401 3525 Concurrent]
424 3461 475 3510 Hie
493 3461 574 3510 bonor
593 3458 703 3523 primum
744 3471 803 3520 gem
814 3458 846 3506 eb
858 3457 976 3522 Angusto
988 3473 1030 3508 au.
1044 3459 1077 3507 U.
1095 3458 1126 3506 C.
1142 3461 1199 3508 ⁷82.
1217 3457 1272 3510 fuer

176 3537 239 3596 viria
256 3545 357 3590 tentum
374 3537 534 3602 principibus
549 3533 703 3586 habebatur.
746 3543 807 3594 tam,
822 3534 830 3560 ‘
843 3533 1000 3596 gladiatores
1013 3547 1063 3584 uon
1081 3532 1129 3582 nisi
1140 3534 1220 3582 semel
1233 3541 1270 3582 at·

175 3614 253 3665 Unde
270 3614 411 3676 Angustus,
428 3614 491 3663 Caio
510 3619 537 3662 ct
554 3613 633 3664 burcio
644 3613 704 3662 filiie
744 3623 795 3674 qne
813 3610 906 3661 iterum
923 3609 1029 3672 cingulis
1046 3609 1127 3666 aunis,
1139 3622 1224 3672 neque
1235 3608 1274 3658 ni·

175 3689 281 3739 ‘adbuc
291 3688 464 3752 praetextatis,
483 3695 659 3736 assurrectum
670 3687 704 3736 ab
744 3691 786 3734 tre
804 3685 878 3748 peric
898 3684 1050 3746 rexaginta’
1066 3683 1123 3731 dari
1142 3689 1273 3748 poterant.

174 3763 304 3814 universio
323 3765 349 3812 iu
367 3763 478 3818 theatro,
495 3769 555 3814 eta
575 3762 703 3812 etantibne
743 3759 806 3810 Dio.
839 3759 877 3808 Ut
888 3759 1007 3808 nimirum
1018 3759 1089 3808 luxui
1102 3757 1273 3806 producerent

176 3837 638 3904 pleneumgrarisaimequeetureet!
655 3837 703 3886 Ta·
744 3834 845 3899 aliquia.
877 3835 937 3886 Jnm
962 3848 1023 3883 rero
1049 3833 1076 3882 in
1104 3833 1177 3882 Urbe
1205 3833 1273 3892 varie

176 3916 221 3966 cit.
249 3913 702 3978 Qntejuveneserent,inquir1.ip-
743 3917 820 3960 erent
835 3908 964 3959 fabrorum
982 3909 1090 3972 collegia
1105 3922 1153 3972 pro
1172 3907 1272 3959 ratione

176 3990 239 4051 eine,
255 3995 283 4038 et
300 3989 360 4052 quia
375 3988 467 4036 nimius
480 3988 523 4037 ille
535 3987 615 4039 bonor
625 3987 702 4037 babe·
743 3992 888 4050 temporum
901 3985 977 4034 modo
988 3986 1117 4046 instituta,
1126 3982 1202 4032 modo
1211 3982 1272 4034 tub·

177 4064 262 4114 batur.
743 4062 816 4110 late:
839 4067 867 4110 nt
888 4058 957 4110 fabri
983 4058 1093 4112 ferrarii,
1122 4057 1273 4120 argentarii,

208 4137 355 4200 ¹Delr'bure]
382 4136 506 4199 Trajunnr
526 4137 595 4186 enim
622 4137 702 4201 irnpe-
744 4136 857 4200 tignarii,
876 4134 1049 4192 automatum,
1069 4133 1111 4198 qui
1139 4133 1270 4184 machiner

176 4213 243 4264 rium
255 4213 366 4276 accepit,
378 4213 534 4261 contutatum
546 4212 661 4274 tertium,
674 4219 702 4260 et
743 4225 789 4260 ena
811 4218 904 4275 sponte
932 4209 1065 4261 versatiles
1091 4207 1272 4292 conficiebant.

184 4351 201 4384 x
244 4293 330 4357 Detpll.
341 4297 364 4342 et
379 4292 437 4342 Ver.
450 4293 515 4340 Cloe.
659 4291 753 4351 Pnurg.
767 4289 820 4340 Vel.
1181 4290 1199 4338 S
