2974 4852
178 397 180 404 ⁴
240 401 284 467 28
556 417 604 464 nu
628 399 747 465 rursu
771 415 1015 464 rrunorruoo

242 568 313 626 atro
337 559 429 640 signo
452 561 641 644 notavimus
657 561 748 640 looa,
762 561 862 626 sanilo
877 571 1020 645 apparet
1034 580 1099 624 non
1114 565 1181 626 tam
1197 581 1217 626 e
1233 582 1338 628 sensu
1470 563 1471 570 ’

240 659 299 727 illo
323 661 439 741 offusa,
456 681 553 746 quam
576 675 598 728 a
620 663 735 730 studio
759 663 944 745 argutandi,
955 663 1152 748 judicioque
1166 685 1234 730 nou
1249 669 1338 731 sutis

240 745 381 829 subacto
396 765 555 830 arcessita
568 783 643 829 esse
663 769 698 829 et
705 764 860 830 inducta.
953 822 958 830 ,

283 867 506 952 Magnitudini
533 866 742 934 declarandas
766 867 974 952 aptissimam
1000 889 1077 934 esse
1103 871 1339 954 exemplorum

239 971 531 1056 comparationem,
554 968 589 1036 et
613 991 667 1036 res
692 971 768 1055 ipsa
788 971 902 1051 donet,
926 979 963 1036 et
983 979 1141 1056 repetunt
1164 977 1340 1058 praecepta

239 1077 383 1140 omnium
398 1059 574 1139 rhetorum.
617 1073 734 1158 luilla
749 1075 835 1139 enim
852 1073 1048 1140 estimanda
1062 1075 1139 1160 quis
1156 1095 1224 1140 non
1245 1077 1341 1142 videt

237 1193 327 1262 opus
351 1197 425 1241 esse
449 1193 602 1243 mansura
624 1177 794 1263 quadamt
817 1198 917 1262 qnam
938 1163 1036 1242 illino
1056 1177 1199 1262 porrigit
1220 1191 1257 1242 ot
1276 1181 1339 1244 mi·

234 1280 354 1344 nistret
383 1297 433 1357 ea,
460 1299 571 1364 quam·
592 1280 675 1358 dixi,
705 1281 920 1366 comparatio.
973 1281 1113 1364 Duplex
1143 1287 1255 1346 autem
1286 1289 1341 1348 est

234 1383 453 1467 comparandi
470 1403 587 1470 genus.
631 1381 883 1468 Componnntnr
898 1383 986 1450 enim
1002 1384 1054 1448 rel
1070 1397 1125 1448 res
1140 1384 1282 1461 similes,
1295 1392 1340 1450 ‘ut

234 1505 278 1550 ax
295 1486 409 1566 altera,
425 1488 520 1572 eujus
534 1484 728 1568 magnitudo
737 1488 810 1571 jam
826 1494 909 1550 note
923 1493 977 1550 est
992 1485 1216 1564 auditoribus,
1231 1487 1338 1554 facile

233 1601 321 1653 certe
344 1586 528 1670 conspicua
549 1588 644 1654 reddi
667 1593 794 1670 potest,
812 1588 1005 1670 magnitudo
1028 1589 1168 1654 alterius
1191 1590 1339 1658 aestime-

231 1701 305 1773 tur;
336 1691 391 1757 vel
415 1691 609 1770 dissimiles,
623 1697 681 1770 ut,
704 1691 983 1775 quemadmodum
1007 1693 1043 1756 in
1071 1693 1201 1776 picture
1224 1692 1339 1759 lumen

231 1796 325 1860 nulla
354 1795 421 1860 alia
449 1813 485 1859 re
511 1795 630 1878 magis,
656 1813 760 1898 quam
784 1795 914 1872 umbra,
939 1793 1200 1874 commendatur,
1225 1797 1277 1860 sio
1303 1799 1337 1862 iu

231 1900 381 1965 oratione
400 1896 493 1964 illius
513 1896 721 1987 turpitudine
736 1896 912 1980 apposita,
925 1895 1024 1980 hujus
1038 1895 1199 1961 honestas
1213 1899 1338 1966 alarius

230 2003 410 2068 elucescat.
461 1999 601 2086 Duplex
624 2001 724 2085 igitur
750 1999 835 2066 illud
860 1999 1021 2070 laudandi
1047 2005 1081 2064 et
1106 1999 1339 2084 amplificandi

231 2103 432 2182 subsidium,
448 2105 514 2170 sibi
536 2121 683 2188 quoque,
696 2103 731 2166 in
749 2101 940 2168 extollendo
955 2100 1105 2186 Trajano
1119 2122 1194 2180 suu,
1209 2111 1335 2187 praesto

231 2225 307 2301 esse
330 2207 460 2274 Noster
482 2207 609 2272 voluit:
632 2206 760 2292 ubique
779 2207 871 2271 enim
889 2205 982 2270 illum
1002 2205 1081 2269 eum
1096 2208 1335 2290 superioribus

195 2373 196 2378 ,
231 2311 329 2376 malis
344 2309 709 2388 Caesaribus,maxime
728 2329 805 2376 cnm
824 2307 1019 2376 Domitiano
1040 2295 1237 2392 componit}
1255 2329 1335 2394 pas·

184 2413 186 2417 ’
230 2417 294 2479 sim
323 2415 425 2506 etiam
455 2411 498 2478 ed
523 2410 678 2478 Deorum
704 2413 920 2496 virorumque
944 2411 1121 2474 illustrium
1149 2426 1333 2477 mensuram

230 2517 319 2584 faeta
331 2519 407 2604 ejus
421 2515 537 2602 exigit.
581 2517 625 2583 Et
640 2515 764 2601 prioris
778 2514 912 2601 quidem
929 2513 1191 2598 comparationis
1209 2514 1331 2602 abique

230 2621 451 2707 frequentata
466 2621 600 2686 veniam
611 2623 687 2705 ipse
695 2637 772 2702 cap.
784 2635 869 2682 nur.
878 2617 980 2703 petit3
995 2631 1189 2701 quanquam
1202 2615 1331 2682 hicnon

230 2742 319 2810 opus
341 2733 414 2790 erat
435 2721 668 2791 excusatione.
711 2721 849 2790 Crebrae
870 2721 957 2787 enim
981 2719 1167 2785 Domitiani
1193 2737 1332 2784 execra-

231 2831 350 2905 tiones,
364 2827 500 2910 'l'rajani
521 2825 677 2891 laudibus
695 2825 871 2901 admixtae,
885 2841 1039 2904 magnam
1054 2821 1152 2905 hujus
1168 2823 1332 2888 orationis

230 2935 372 3012 partem,
398 2927 462 2990 suo'
488 2929 587 3008 quasi
607 2926 698 3010 jure,
718 2926 784 2990 sibi
810 2923 997 3008 vindicant,
1019 2925 1227 3012 mirificeque
1253 2927 1333 2992 olim

230 3030 391 3094 valebant
410 3027 454 3091 ad
476 3026 781 3115 commendandum
800 3026 965 3092 Romanis
984 3026 1123 3112 Trajaui
1142 3030 1331 3112 imperium.

161 3151 164 3160 ·
184 3169 189 3182 ·
231 3129 310 3209 Quo
335 3130 460 3210 tristior
479 3130 567 3196 euim
587 3129 651 3198 fuit
665 3130 827 3214 conditio,
842 3151 908 3218 quo
924 3133 1057 3218 grauius
1078 3129 1275 3217 perieulum,
1288 3153 1333 3198 ex

231 3253 299 3318 quo
320 3233 504 3300 incolumes
524 3239 733 3316 emersimus,
749 3255 790 3303 eo
804 3237 942 3304 suavior
956 3236 1088 3334 fortuna
1103 3240 1154 3300 est
1169 3235 1331 3315 secunda,

175 3375 181 3380 -
231 3353 301 3419 qua
322 3347 411 3398 nuuc
431 3336 592 3420 fruimur3
622 3357 663 3403 eo
682 3331 867 3422 jucundior
887 3339 959 3414 lux,
981 3357 1058 3422 quse
1080 3344 1158 3421 post
1178 3337 1332 3404 diuturna

231 3435 349 3500 nubila
359 3435 457 3499 nobis
469 3433 617 3518 affulget.
638 3437 729 3503 Illud
741 3437 841 3504 modo
852 3437 1024 3520 displicet,
1034 3438 1123 3521 quod
1134 3460 1210 3524 cap.
1224 3457 1331 3517 xum,

231 3541 264 3606 6.
278 3537 390 3604 foedos
405 3537 595 3603 Domitiani
610 3544 734 3618 ructus,
746 3539 891 3624 ejusque
904 3537 1081 3604 nefandam
1098 3561 1239 3624 ganeam
1254 3563 1331 3610 cum

231 3641 370 3730 ijaui
392 3641 614 3722 temperantia
635 3650 670 3706 et
689 3641 878 3706 socialitate
893 3641 944 3704 ita
964 3645 1167 3726 composuit,
1181 3655 1219 3711 ut
1234 3648 1331 3712 urba·

187 3769 192 3780 ·
221 3749 372 3814 nitatem
396 3740 572 3814 desideres.
617 3742 727 3824 Quam
749 3741 921 3808 commode
941 3745 1330 3832 contra,'propter'mul·

233 3851 384 3934 tiplieem
418 3836 636 3933 personarum
667 3859 840 3930 rarumque
869 3854 1035 3929 gestarum
1062 3848 1330 3933 similitudinem,

233 3951 373 4035 Traiani
399 3970 443 4016 ex
468 3947 640 4031 Hispania
664 3950 736 4026 iter,
759 3957 837 4013 oum
859 3946 1021 4013 Hemalis
1045 3967 1088 4012 ox
1110 3951 1225 4017 eadam
1247 3960 1331 4020 tarra

233 4052 341 4124 reditu
355 4069 432 4138 cap.
447 4065 529 4117 xiv,
539 4050 725 4130 contulerit,
737 4051 771 4114 in
784 4051 874 4116 notis
890 4050 1146 4116 demonstratum
1158 4061 1218 4119 est.
1243 4055 1330 4136 Quae

235 4175 309 4241 cap.
323 4171 451 4220 uxxx.
466 4155 509 4220 de
518 4153 657 4240 'llrajeni
666 4169 742 4219 oum
750 4151 774 4217 J
777 4147 840 4219 ove
853 4149 1067 4218 similitudine
1077 4152 1173 4233 dixit,
1185 4159 1330 4226 absurda

235 4258 370 4345 quidem
395 4266 474 4326 sunt
493 4277 539 4324 ex
561 4263 674 4326 nostra
693 4256 735 4323 de
760 4271 892 4324 summo
915 4252 1050 4320 nemim
1074 4259 1244 4342 sententia,
1267 4259 1328 4329 sed
1370 4263 1375 4276 '
