3022 4852
627 341 868 393 orsaorurro.
1046 351 1047 358 ¹
1249 333 1294 398 29

189 489 329 553 bene'se
340 487 516 554 habentex
528 483 760 556 Romanorum
771 485 998 572 opinionibus.
1023 491 1099 556 Nec
1112 493 1290 579 malecap.
1338 503 1344 516 '

190 606 356 656 uxxxu.
370 586 493 657 beroae
503 612 549 658 ex
560 591 683 677 mythis
697 591 859 674 repetitos
869 590 971 675 juxta
985 590 1175 679 Principem
1190 617 1291 664 suum

189 695 383 760 collocavit.
417 695 511 760 Bene
528 695 630 762 etium
639 707 847 779 cap-xxm
869 687 932 760 Gn.
944 694 1113 779 Pompeii,
1126 719 1290 768 annonam
1339 754 1343 760 .

190 801 350 879 curantis,
363 801 555 885 exemplum
571 808 607 864 et
622 804 799 866 tractatum
813 803 876 877 est,
886 806 922 864 et
936 798 980 866 ad
991 798 1171 883 Trajauum
1184 810 1292 870 mens

189 902 310 966 latum.
353 903 612 988 Gap.xx1v·.4.
627 905 722 970 illum
736 903 861 968 confert
875 921 952 968 cum
966 903 1110 986 legibus,
1122 923 1188 988 nou
1203 908 1302 974 male.

187 1005 338 1088 quidem,
357 991 426 1070 sed·
441 1007 577 1075 modum
599 1008 648 1072 ibi
672 1027 805 1073 servare
827 1007 947 1083 nescit,
965 1012 1001 1072 et
1020 1005 1120 1072 nimis
1141 1009 1291 1075 extendit

186 1109 481 1191 comparationem.
525 1109 631 1175 Mitto
645 1109 781 1188 Brutos,
796 1109 971 1187 Camillos,
985 1116 1020 1175 et
1034 1107 1132 1188 alios,
1148 1129 1288 1198 quornm

187 1211 308 1294 paucis
323 1218 452 1276 tantum
467 1213 576 1278 verbis
590 1212 793 1278 mentionem
807 1211 902 1278 lacit.

231 1313 412 1381 Proximus
434 1317 606 1400 exa-plis
630 1315 719 1380 vires
744 1316 866 1381 bebere
893 1313 1131 1380 similitudines
1146 1316 1289 1400 ‚judicat

184 1413 329 1494 Quintil.
352 1437 385 1482 v.
405 1417 459 1482 11.
478 1419 533 1483 22.
579 1417 700 1504 Neque
723 1419 813 1486 enim
835 1418 904 1484 illae
928 1423 1056 1484 tantum
1080 1425 1196 1484 ornant
1215 1441 1289 1486 ora·

183 1518 308 1586 tionem
329 1521 544 1602 imaginibus,
562 1541 650 1606 quas
670 1521 846 1606 objiciunt,
861 1521 1057 1605 faciuntque
1077 1520 1231 1586 floridam
1251 1531 1288 1594 et

177 1621 381 1705 jucundam,
398 1623 458 1687 sed
473 1625 676 1706 argumentis
692 1643 829 1709 quoque
844 1632 1111 1702 annumerantur,
1126 1629 1160 1689 et
1175 1625 1288 1692 valent

185 1723 229 1788 ad
246 1723 507 1816 confirmandum
521 1726 569 1806 id,
584 1725 676 1811 quod
691 1727 858 1792 uolumus.
902 1726 953 1792 Iis
968 1727 1071 1808 igitur
1086 1729 1149 1792 etsi
1163 1727 1287 1795 Noster

184 1847 254 1890 uon
266 1827 437 1907 nbuudut,
452 1830 564 1912 plures
585 1837 695 1895 minen
712 1829 816 1894 babet
837 1847 903 1894 nou
922 1829 1013 1896 male
1028 1829 1191 1908 delectas,
1207 1852 1285 1918 qum

184 1936 256 1994 tam
278 1930 446 1997 illustrent
466 1939 499 1997 et
518 1934 739 2017 comprobant
760 1933 941 1997 sententias
962 1933 1168 2017 propositas,
1183 1954 1285 2018 quam

185 2033 386 2100 suavitatem
410 2027 579 2118 quandam
599 2036 721 2103 iisdem
737 2035 873 2100 addunt·
916 2035 1074 2120 Exempli
1086 2035 1166 2100 loco
1181 2057 1285 2122 pona-

184 2155 260 2198 mus
277 2135 357 2202 basi
380 2157 455 2222 cap.
472 2155 506 2203 v.
521 2140 553 2205 Β.
576 2139 695 2207 ‘Siout
717 2139 819 2205 maris
839 2138 985 2222 eoelique
1008 2139 1198 2223 temperiem
1219 2147 1283 2205 tur-

184 2237 282 2302 bines
297 2234 584 2327 tempestatesque
599 2243 849 2324 commendent}
871 2243 921 2306 ita
933 2241 976 2306 ad
992 2240 1174 2325 aagendam
1187 2245 1286 2327 pacis

184 2348 255 2406 tum
269 2345 410 2425 gratiam
425 2345 521 2414 illum
536 2345 713 2413 tumultum
728 2345 944 2430 praecessisse
959 2342 1177 2410 crediderim!
1198 2345 1284 2429 Cap.
1312 2339 1315 2348 ’

169 2459 274 2509 .xtx.
291 2448 323 2509 l.
347 2445 432 2514 ‘Est
446 2447 521 2514 baec
534 2457 655 2515 natura
670 2449 844 2528 sideribus,
859 2456 899 2513 ut
909 2467 1016 2532 parva
1032 2456 1067 2512 et
1082 2439 1185 2514 exilia'
1200 2449 1282 2513 vali-

182 2547 316 2612 diorum
346 2556 488 2618 exertus
514 2552 694 2622 obscuret:
723 2550 878 2617 similiter
900 2552 1112 2634 imperatoris
1136 2551 1282 2618 adventu

159 2703 165 2712 .
181 2649 362 2730 legatorum
379 2654 525 2737 dignitas
540 2654 769 2723 inumbratur!
801 2653 888 2735 Cap;
899 2667 1028 2716 xxxv.
1042 2654 1074 2716 5.
1090 2653 1165 2718 ‘Tu
1182 2643 1282 2718 simul

182 2751 296 2826 omnia
315 2754 515 2836 profudisti;
537 2738 576 2820 ut
592 2756 643 2820 sol
661 2763 694 2826 et
709 2755 783 2820 dies
796 2773 866 2820 non
877 2754 975 2838 parte
990 2753 1114 2837 aliqua,
1131 2755 1191 2819 sed
1213 2761 1282 2820 sta-

180 2853 241 2918 tim
270 2851 455 2936 totus,'uec
477 2859 536 2923 uni
559 2865 618 2924 aut
640 2857 745 2932 alteri,
769 2858 830 2923 sed
854 2856 1010 2923 omuibus
1033 2856 1068 2922 iu
1092 2875 1282 2937 commune,
1327 2881 1330 2888 ⁴

179 2954 367 3041 profertur!
402 2961 490 3044 (lap.
506 2963 671 3030 xu11r.5.
706 2959 905 3025 ‘llaesarum
922 2979 1056 3025 munera
1073 2959 1179 3029 illitos
1196 2961 1312 3026 cibis*
1361 3043 1366 3058 ὓ

180 3061 310 3141 hamos,
336 3073 472 3148 opertos
500 3064 616 3149 praeda
643 3066 795 3148 laqueos,
825 3063 1079 3139 aemulabantur,
1108 3079 1184 3126 cum
1213 3064 1280 3145 pri-

183 3165 269 3228 vatis
290 3165 508 3236 facultatibus
530 3166 620 3231 velut
643 3167 767 3236 hausta
790 3171 826 3228 et
843 3164 1027 3246 implicate,
1049 3169 1137 3227 retro
1155 3177 1280 3242 seeum
1377 3189 1386 3217 x

182 3265 340 3352 quicquid
356 3270 543 3352 attigerant,
562 3265 737 3332 referrent!
765 3265 852 3350 Cap.
865 3277 947 3338 xor·
963 3265 995 3332 2.
1026 3263 1185 3330 ‘Accidit
1205 3267 1281 3351 qui·

179 3367 267 3447 dem,
281 3378 322 3436 ut
341 3391 483 3456 corpora
502 3371 688 3457 quamlibet
708 3369 864 3436 ardnuet
872 3368 1023 3446 excelse,
1033 3369 1280 3453 procerioribus
1310 3359 1317 3384 ⁸
1376 3421 1377 3424 ,

178 3471 332 3565 admota,
353 3475 569 3556 decrescaut;
594 3476 673 3539 item
695 3481 735 3538 nt
756 3472 932 3539 altissimae
955 3472 1080 3538 civium
1102 3471 1278 3555 dignitates

178 3575 361 3642 collatione
389 3577 516 3662 fastigii
543 3577 603 3643 tui·
618 3574 866 3661 deprimantur?
891 3575 947 3641 .Si
972 3575 1048 3659 quis
1074 3575 1162 3653 loca,
1188 3575 1277 3664 unde

116 3727 127 3741 .
176 3679 252 3744 boec
276 3686 434 3765 excerpta
449 3687 543 3759 sont,
557 3681 681 3762 integra
701 3677 849 3743 conferre
866 3678 1023 3755 voluerit,
1037 3697 1104 3741 non
1123 3677 1278 3760 indignas

177 3801 224 3844 ex
245 3783 387 3849 consilio
407 3783 551 3848 oratoris
568 3781 681 3846 fuisse·
693 3800 745 3845 res
760 3779 838 3846 illas
852 3780 1016 3858 fatebitur,
1031 3799 1108 3865 qum
1124 3778 1216 3844 bisce
1231 3779 1276 3845 si·

119 3901 121 3904 ’
177 3875 691 3952 militudinibusillustrarentur.
1090 3930 1097 3944 .
1321 3891 1326 3899 '

221 3987 289 4053 Sed
304 3997 336 4054 et
350 3991 438 4054 allus
452 3991 582 4072 generis
591 3988 803 4072 imaginibus,
815 3987 937 4072 quibus
948 3988 995 4051 rei
1008 3985 1189 4070 propositae
1199 4005 1276 4052 cum
1293 4073 1299 4084 Ι

177 4091 244 4156 alia
259 4092 445 4157 similitudo
460 4093 515 4158 vel
535 4093 679 4158 breviter
695 4091 924 4167 adumbratur,
934 4090 992 4180 ,vel
1008 4088 1140 4174 plenius
1161 4089 1275 4172 expri-

85 4213 86 4218 ’
176 4194 287 4272 mitur,
297 4195 497 4294 ‘orationem
512 4213 606 4261 suam
620 4193 793 4274 distinxit3
817 4210 957 4277 quarum
976 4191 1144 4258 nonnullae
1159 4192 1228 4258 alto
1242 4197 1275 4255 et
