3022 4852
255 733 628 867 cuononi
691 770 1148 862 ssuNuvouo

651 1045 687 1108 S.
711 1045 757 1109 D.

430 1291 474 1365 C.
521 1291 569 1364 G.
613 1286 985 1365 SCHWARZIUS.

307 1585 369 1648 [ux
387 1584 486 1635 surr.
503 1555 533 1634 c.
550 1583 585 1633 o.
601 1581 821 1637 scauruzrr,
839 1581 997 1631 norrun.
1015 1579 1102 1643 nra]

154 1845 269 1944 Curi,
285 1885 373 1932 anno
387 1865 489 1947 hujus
505 1865 622 1927 saeculi
638 1882 737 1937 nono,
765 1866 807 1928 ad
830 1863 1016 1929 doctrinam
1035 1864 1253 1930 humanitatis

152 1970 397 2050 meliorumque
420 1967 588 2029 literarum
603 1965 737 2046 publice
759 1964 994 2047 profitendam,
1009 1966 1053 2030 ab
1067 1966 1252 2031 illustribus

152 2069 350 2133 Academiae
385 2066 558 2131 Altorfinae
590 2064 813 2130 curatoribus
849 2086 1018 2144 evocarer,
1061 2069 1253 2150 auspicium

153 2172 303 2236 muneris
324 2169 392 2233 mei
414 2169 457 2232 ab
479 2166 677 2230 illustrando
697 2165 737 2230 C.
755 2164 859 2231 Plinii
878 2168 1026 2232 Secundi
1045 2167 1254 2252 Panegyrico

153 2274 334 2338 faciebam.
378 2269 457 2348 Qua
479 2270 514 2332 in
533 2287 568 2332 re
595 2267 811 2350 potissimum
833 2274 971 2333 secutus
993 2289 1067 2336 sum
1096 2270 1255 2353 exempla

156 2374 281 2457 Lipsii‚
311 2371 449 2448 Baudii,
479 2370 678 2446 Boxbomii,
714 2370 883 2448 Bodcleri,
912 2370 1037 2436 Jacobi
1064 2371 1254 2448 Thomasii,

155 2475 366 2558 aliorumque
380 2474 524 2537 virorum
539 2471 830 2551 doctissimorum
851 2471 924 2556 (cni
938 2473 1026 2536 enim
1040 2473 1125 2537 vitio
1148 2472 1255 2549 detur,

155 2576 200 2640 ad
229 2573 424 2639 imitandum
446 2573 574 2656 optima
604 2590 749 2654 quaeque
778 2569 1006 2654 proponeret)
1032 2567 1147 2656 quiet
1175 2593 1251 2639 con·

156 2684 330 2760 gruentem
356 2675 510 2760 partibus
536 2673 618 2748 suis,
640 2680 673 2736 et
693 2672 867 2754 juventuti
885 2673 1060 2751 studiosae,
1086 2693 1164 2757 quaa
1188 2677 1255 2739 ele·

155 2778 343 2861 gantiorum
358 2777 528 2839 literarum
550 2793 664 2838 amore
687 2775 833 2857 capitur,
850 2773 1052 2839 fructuosam
1079 2774 1256 2844 existima·

155 2884 230 2944 rant
242 2897 392 2960 operam,
408 2896 508 2959 quam
523 2877 558 2940 in
584 2875 850 2941 commendanda
864 2875 1179 2962 interpretandaque
1190 2877 1255 2944 hac

155 2979 259 3044 Plinii
271 2979 430 3043 Oratione
447 2979 660 3043 collocarent.
703 2977 779 3042 Etsi
790 2998 870 3043 vero
880 2999 945 3042 nou
960 2980 1086 3060 ignoro,
1101 2981 1255 3046 omnibus

154 3080 256 3143 facile
278 3079 545 3162 anteponendum
566 3098 641 3142 esse
664 3077 716 3143 M.
738 3079 887 3142 Tullium
906 3078 1115 3158 Ciceronem,
1138 3083 1196 3163 qui
1221 3085 1256 3146 in

156 3181 253 3262 gravi
268 3187 303 3244 ct
317 3181 458 3262 copioso
469 3197 713 3258 numerosoque
733 3178 869 3242 dicendi
891 3197 1010 3260 genere
1033 3180 1104 3243 sine
1126 3188 1257 3246 contro·

156 3282 269 3346 versia
281 3282 366 3345 inter
376 3281 522 3344 omnium
535 3279 735 3344 saeculorum
746 3278 904 3344 Oratores
916 3280 1141 3364 principatum
1154 3288 1254 3360 tenet,

133 3379 134 3384 ’
157 3402 340 3466 omnesque
354 3401 439 3447 unus
453 3380 648 3445 Latinorum
661 3380 893 3463 complectitur
907 3383 1084 3466 exquisitae
1095 3386 1255 3452 orationis

156 3484 323 3547 virtutes:
346 3500 431 3564 nego
446 3488 571 3557 tamen,
580 3499 656 3544 cum
672 3483 782 3545 solum
794 3481 827 3546 in
839 3474 971 3548 Latinis
984 3503 1058 3549 esse
1071 3486 1257 3568 legandum

157 3582 229 3649 Alii
250 3583 338 3648 euim
361 3582 437 3646 aliis
460 3582 642 3646 virtutibus
668 3584 775 3664 magis
803 3585 1003 3649 enitescunt.
1059 3586 1112 3651 De
1142 3588 1256 3654 Plinio

151 3683 225 3767 jam
240 3684 384 3767 loquor3
406 3684 730 3765 quampotissimum
746 3684 862 3748 horum
874 3692 1058 3767 temporum
1069 3688 1170 3769 genio
1180 3708 1256 3752 esse
1333 3675 1337 3680 ⁵

159 3784 554 3860 accommodatissimum,
568 3782 662 3847 multi
672 3785 738 3847 sibi
752 3805 943 3868 persuasum
956 3786 1093 3852 babent.
1116 3787 1160 3851 Et
1175 3807 1256 3853 sanc

158 3887 193 3949 in
209 3905 251 3947 eo
270 3885 408 3967 legendo
434 3904 502 3948 non
518 3889 632 3968 potest
650 3904 716 3948 non
737 3884 954 3950 admiratione
976 3886 1074 3964 affici,
1100 3889 1255 3971 quisquis

158 3987 360 4067 cognoverit,
373 3993 533 4070 quantam
549 3985 607 4049 ille
622 3986 836 4066 prudentiam
847 4007 951 4052 rerum
962 3989 1112 4052 civilium
1123 3989 1257 4071 prodat,

160 4095 288 4170 quanto
302 4086 427 4167 fulgeat
441 4087 563 4170 ingenii
578 4087 712 4164 lumine,
726 4094 854 4170 quanta
873 4089 1037 4154 varietate
1053 4089 1255 4168 acuminum,

160 4197 196 4253 et
210 4189 289 4270 styli
305 4189 537 4267 concinnitate,
553 4189 822 4272 exsplendescat,
838 4191 896 4268 ita,
914 4201 949 4254 ut
969 4190 1255 4273 elegantissimum
