3112 4852
255 401 320 467 196
508 438 511 444 =
618 416 650 463 u.
675 415 796 462 rurum
822 415 988 464 suouunr

255 569 313 628 net
334 559 548 642 Imperatori,
571 579 646 642 quae
669 560 758 642 prior
778 558 868 623 oris‘¹
892 559 1099 644 humanitas,
1114 560 1243 628 dextrae
1259 584 1353 630 vere-

175 735 179 746 ,
255 663 389 729 cundia.
433 660 803 743 Incedebaspedibus;
824 661 966 726 incedis.
1011 661 1354 747 Laetabarislabore;

253 766 400 831 tataris:
421 763 606 846 eademqne
621 763 733 828 omnia
752 763 811 828 illa
832 765 922 829 circa
944 770 997 844 ως
1020 765 1103 829 nihil
1125 765 1192 850 ipso
1213 775 1266 832 to·
1288 769 1354 834 lor-

713 911 896 932 unumne

254 996 331 1060 penei
343 995 498 1060 simpliciter
514 997 579 1060 prior
597 995 661 1046 besu.
680 996 748 1061 quod
763 998 911 1061 exemplum
924 1003 1029 1046 secutus
1045 997 1078 1045 cl.
1099 995 1252 1046 cesseras!
1266 997 1355 1048 Arata.

253 1063 262 1091 ⁶
275 1064 380 1114 Dextrae
389 1059 528 1110 mermedis
566 1060 632 1110 Dum
645 1064 683 1110 trae
697 1076 773 1110 uoces
785 1077 835 1111 non
847 1063 1044 1126 conspiciuntur
1061 1063 1087 1110 in
1098 1062 1283 1126 antiquissimis
1294 1064 1355 1114 edd.

253 1127 360 1177 Puteol.
372 1127 438 1175 Ven.
450 1124 511 1174 Ald.
544 1124 599 1175 rob.
613 1125 681 1175 sich.
693 1123 800 1175 Asceus.
812 1127 914 1191 Grypb.
925 1130 975 1176 &m
988 1125 1071 1175 necin
1082 1128 1355 1178 nostrorumcodicum

254 1191 398 1253 excerptis,
416 1189 548 1239 Livineius
566 1190 591 1238 in
611 1192 727 1252 margine
747 1193 835 1254 posuit
851 1206 882 1240 eu
897 1193 954 1240 sola
969 1190 1012 1240 ed.
1029 1190 1191 1253 cuspiniani.
1224 1191 1277 1240 Sed
1289 1192 1355 1243 adeo

254 1257 358 1320 sapiunt
371 1254 516 1304 Plinianam
535 1254 685 1313 dictionem,
705 1262 735 1304 nt
753 1257 792 1306 rel
814 1257 868 1304 sola
883 1257 927 1304 illa
943 1270 971 1304 re
983 1269 1039 1304 sese
1053 1255 1151 1318 possint
1165 1256 1243 1316 tueri,
1253 1257 1356 1306 etiamsi

254 1321 348 1370 relatio
359 1318 392 1368 ad
404 1320 539 1381 superiora
550 1317 630 1368 verba
647 1319 767 1368 abesset!
785 1322 860 1370 Idem.
894 1327 901 1348 ‘
915 1320 1034 1369 Antehac
1046 1319 1141 1383 ubique
1153 1320 1190 1368 sic
1202 1320 1356 1382 legebatnre

253 1387 377 1447 cademque
388 1384 466 1432 smnio
477 1384 521 1432 illo
531 1383 594 1433 eirca
605 1388 645 1433 te.-
666 1384 725 1432 nibil
743 1385 793 1447 ipso
811 1391 835 1433 te
846 1384 949 1444 sortitus
964 1383 1073 1434 mutavit.
1107 1384 1169 1447 Ipse
1181 1385 1283 1447 Lipsius
1293 1386 1357 1435 nibil

254 1445 1355 1577 tultlttttllltultus,libatiam‘salustustutu*

348 1549 355 1575 r
619 1549 622 1554 ’
688 1547 696 1561 ·
1125 1547 1134 1576 5
1349 1549 1358 1577 r

248 1578 350 1638 sortasse
361 1575 481 1626 mutauit!
513 1577 564 1627 Cui
582 1591 644 1626 vero
664 1578 842 1628 emendationi
861 1578 922 1628 satis
940 1585 1040 1641 argium
1059 1590 1110 1626 uon
1127 1577 1256 1626 succurrit
1273 1578 1357 1628 codex

255 1652 361 1702 noster;
379 1642 431 1704 ubi,
443 1641 595 1705 pronomine
605 1642 690 1704 potius
701 1643 867 1706 transposito,
879 1643 936 1691 brec
948 1643 1072 1705 legimusr
1091 1643 1214 1706 commuue
1224 1643 1267 1690 illa
1277 1645 1357 1692 omnin

254 1709 318 1756 mrsu
328 1712 365 1755 te:
381 1706 443 1754 stntt
454 1706 503 1768 ipso
513 1706 645 1765 tefortuun
655 1707 766 1755 nutavit.
795 1707 922 1755 Gruterus
931 1707 1009 1756 aliam
1020 1706 1077 1755 iniit
1087 1706 1163 1767 riam,
1173 1707 1357 1770 opinaturum,

254 1773 314 1822 loeo
325 1770 406 1820 fuisse
417 1767 534 1819 vitiando
546 1784 596 1819 non
609 1772 747 1832 repetitam
758 1774 873 1820 voculam
889 1785 951 1832 quoe,
969 1771 1007 1820 sic
1019 1771 1135 1834 conjecit
1146 1771 1356 1820 rescribendum:

254 1839 377 1899 meusque
394 1849 447 1898 qun
457 1835 535 1884 omnio
545 1834 609 1884 circo
620 1839 653 1894 te,
667 1836 729 1884 uilril
742 1836 769 1883 in
780 1837 831 1899 r'pro
842 1841 875 1891 le,
886 1834 989 1893 fortuna
1003 1835 1114 1884 mutauit.
1148 1835 1259 1885 Servata
1270 1844 1358 1884 tamen

255 1900 306 1950 fnit
317 1903 343 1948 in
356 1901 412 1963 ipso
422 1907 549 1950 contextu
560 1899 639 1949 lectio
652 1899 766 1963 irrigata,
786 1915 866 1962 rusque
879 1898 939 1948 dum
952 1900 1115 1950 Boxbornins
1127 1899 1164 1948 ita
1175 1899 1357 1950 excudendum

256 1965 374 2016 currerit:
392 1967 515 2027 emmane
525 1965 605 2012 omnio
618 1965 660 2013 r'tta
670 1965 735 2013 circu
747 1969 770 2012 te
777 1980 787 2021 ,·
803 1966 864 2013 nibil
874 1964 901 2012 iu
916 1965 967 2026 ipso
978 1963 1110 2024 tesortann
1126 1966 1237 2013 mutauit.
1271 1965 1357 2014 Quem

256 2031 339 2079 secuti
357 2036 416 2078 sunt
434 2030 475 2077 De
494 2030 518 2077 la
538 2030 629 2077 Baune
646 2036 674 2077 et
685 2029 830 2089 bertarium
850 2036 909 2078 aute
928 2043 992 2093 qnos
1012 2029 1102 2077 eodem
1121 2028 1198 2077 modo
1217 2029 1358 2091 legendum

256 2100 413 2144 censuerant
425 2094 520 2141 Petrus
533 2093 616 2142 Faber
633 2099 659 2140 et
678 2094 758 2142 Conr.
778 2094 974 2142 Ritterslrusius.
1006 2091 1096 2155 Atque
1108 2093 1174 2142 hane
1187 2094 1290 2156 quidem
1302 2109 1359 2143 eor·

255 2159 400 2208 rectionem
422 2157 489 2204 barrrl
506 2171 575 2216 aegre
587 2156 654 2205 tueri
674 2172 750 2219 posse
763 2157 866 2206 videtur
878 2159 967 2206 similis
979 2159 1109 2206 sententia
1125 2166 1152 2206 et
1171 2159 1292 2221 loquendi
1304 2157 1358 2207 for·

256 2224 337 2282 nrula,
348 2235 398 2286 qua
408 2221 507 2268 Plinius
517 2221 611 2269 Senior
622 2235 681 2268 nstra
693 2231 733 2270 est
745 2224 770 2269 in
785 2221 943 2270 Praefatioue
955 2222 1025 2272 Hist.
1035 2223 1097 2270 Nat.
1110 2222 1141 2269 nd
1150 2222 1357 2285 Vespasianum:

255 2288 330 2336 ‘Nec
341 2287 475 2350 qrricquem
489 2285 513 2332 in
529 2295 554 2333 te
567 2287 674 2332 urutavit
686 2284 795 2334 l'ortunae
808 2286 962 2348 amplitudo,
973 2285 1021 2334 nisi
1031 2294 1060 2334 ut
1069 2286 1193 2348 prodesse
1207 2289 1359 2335 tantundem

257 2366 354 2414 posses,
366 2359 393 2400 et
406 2349 503 2398 velles.'
537 2349 568 2398 ln
582 2349 691 2400 vetustis
703 2357 787 2399 autern
798 2350 876 2398 Plinii
887 2350 1045 2399 editionibus
1058 2364 1100 2399 an.
1114 2354 1185 2400 1470.
1199 2355 1271 2401 1473.
1283 2355 1360 2402 1476.

257 2425 285 2464 et
295 2419 367 2464 1481.
381 2415 431 2463 ista
446 2412 527 2464 verba
546 2416 586 2463 sie
606 2413 745 2476 leguntur:
763 2417 771 2442 ⁴
786 2415 845 2464 Nec
865 2415 1001 2478 quiequam
1019 2415 1045 2463 iu
1065 2422 1092 2464 te
1112 2416 1224 2464 mutavit
1245 2414 1359 2464 fortunar

257 2479 401 2542 amplitudo
411 2480 437 2527 iu
450 2477 499 2534 iis,’
516 2479 571 2526 scil.
590 2478 739 2542 honoribus,
762 2480 795 2527 de
812 2479 904 2542 quibus
924 2487 1002 2529 antea
1013 2493 1095 2528 sermo
1108 2487 1175 2528 erat.
1208 2481 1285 2528 Unda
1297 2495 1360 2528 eon·

251 2546 383 2611 jecturam
398 2542 515 2599 facimus,
536 2543 571 2592 ibi
583 2557 684 2608 quoque
696 2544 907 2606 praepositionem
925 2544 960 2599 irs,
979 2552 1039 2592 ante
1057 2557 1199 2606 pronomen
1217 2549 1248 2604 te,
1270 2545 1359 2594 omitti

256 2611 388 2659 debuisse.
419 2609 567 2672 Utcumque
583 2617 634 2668 est,
651 2609 717 2656 baud
730 2608 804 2656 inviti
817 2610 841 2656 iu
853 2609 995 2657 istsnostri
1010 2609 1061 2658 loci
1074 2608 1256 2657 emendatione
1270 2609 1360 2672 acqrri-

257 2689 356 2734 escere,
373 2673 423 2722 nisi
443 2674 526 2721 lenior
546 2673 630 2721 adhue
648 2673 689 2722 vis
709 2687 847 2734 superesse
860 2672 1002 2728 videretur,
1019 2688 1069 2736 qna
1087 2687 1138 2722 nnn
1151 2675 1251 2734 integra
1266 2674 1360 2722 vocrrls

257 2740 363 2788 aliunde
376 2739 534 2798 asciscendo,
553 2738 597 2785 sed
611 2738 715 2786 literula
726 2739 820 2787 saltem
833 2737 867 2787 sit
879 2736 1045 2800 corrigenda,
1062 2738 1131 2786 hunc
1151 2738 1255 2801 qrrisleru
1268 2737 1294 2786 iu
1307 2752 1360 2786 mo·

257 2805 335 2852 drrm:
351 2806 475 2864 eodemque
487 2803 529 2850 illa
540 2803 618 2850 onruin
628 2801 691 2849 circo
702 2807 740 2852 te:
756 2803 817 2852 attii
827 2803 878 2865 ipro
887 2802 1018 2860 tesortauo
1027 2803 1137 2852 muunit.
1172 2802 1250 2852 erosi
1262 2801 1361 2852 dixerit

256 2867 374 2918 Plinius:
393 2867 489 2915 Omnia
501 2866 590 2914 eadem
603 2866 647 2914 ille
657 2867 823 2914 humanitatis
834 2874 862 2914 et
874 2867 933 2914 vitm
945 2867 1080 2915 laboriosae
1093 2866 1198 2927 iudicia,
1209 2882 1267 2929 quae
1279 2868 1360 2929 prius,

257 2933 326 2980 cirea
339 2939 364 2979 te
375 2937 445 2990 snut,
456 2931 511 2977 sive
524 2938 639 2988 manent,
655 2943 685 2976 ac
698 2945 729 2977 ne
740 2931 797 2991 ipsa
809 2931 913 2994 qrridem
930 2930 1034 2978 fortuna
1045 2930 1206 2994 splendidior
1219 2938 1361 2980 remutare

258 2995 359 3057 potuit,
376 3009 434 3042 curn
452 2994 547 3055 alioqui
567 2993 700 3054 diguitatis
721 2995 836 3042 accessio
856 2993 933 3043 facile
954 2997 1052 3042 animos
1072 3009 1208 3059 moresque
1230 2995 1359 3044 bominum

258 3070 358 3108 mutare
379 3069 456 3123 etque
469 3059 589 3106 attollere
604 3057 697 3108 soleat.
731 3059 813 3109 Quam
832 3057 909 3107 facile
929 3067 1042 3108 euterun
1057 3061 1109 3107 ino
1129 3073 1176 3122 per
1193 3059 1309 3108 librarios
1324 3061 1361 3108 sit

258 3134 395 3180 mutatum,
412 3123 528 3185 adeoque
547 3129 574 3171 et
592 3123 641 3184 ipso
661 3137 707 3185 pro
719 3123 770 3185 ipso
782 3125 917 3186 seriptum,
936 3124 1051 3172 ostendit
1065 3124 1145 3186 Casp.
1163 3124 1310 3186 Scioppius,
1326 3124 1360 3173 de

258 3190 325 3239 Arte
338 3189 444 3247 Critica,
454 3188 496 3237 ubi
509 3187 542 3235 de
554 3186 647 3247 literis,
659 3202 715 3250 qnae
729 3195 858 3251 corrupta
871 3195 939 3249 sunt,
951 3189 1018 3251 agit,
1030 3203 1056 3250 p.
1065 3187 1116 3238 523
1134 3188 1253 3237 Selium.
1271 3188 1361 3237 ‘vids

258 3269 355 3318 quaeso,
376 3255 414 3302 vir
427 3253 587 3312 doctissime,
603 3266 634 3298 au
655 3266 705 3300 non
719 3251 815 3301 blanda
835 3253 869 3302 sit
889 3255 1009 3309 mutatio,
1028 3259 1056 3302 et
1071 3253 1255 3315 interpretatio
1274 3250 1360 3301 facilis

259 3317 454 3380 proEsriemque,
466 3316 719 3377 Eudcm,‹1ucaomnio
731 3317 940 3380 dissimulabo.
973 3319 1007 3368 Et
1020 3318 1239 3379 interpretamur:
1258 3317 1359 3366 Eadem

258 3384 301 3430 illa
313 3383 383 3430 Diva
395 3383 520 3440 Fortuna,
531 3395 587 3442 qrrae
600 3382 688 3429 oculos
700 3388 725 3429 et
739 3396 829 3430 sensus
840 3380 938 3430 feriunt
949 3380 1018 3431 eirca
1035 3389 1061 3432 te
1072 3383 1191 3442 ructavit,
1208 3388 1237 3429 ut
1249 3396 1295 3444 pro
1308 3383 1362 3443 pri·

260 3455 319 3494 vato
331 3447 523 3508 imperatorem,
540 3446 679 3506 Caesarem,
699 3445 853 3508 principem,
871 3453 897 3493 te
913 3447 1063 3507 videamus3
1082 3446 1144 3495 nihil
1163 3447 1189 3494 in
1207 3446 1264 3507 ipso
1279 3452 1316 3506 te,
1332 3447 1361 3495 in

259 3513 342 3559 auimo
362 3518 406 3558 tuo
418 3524 448 3558 ac
461 3508 571 3557 moribus
583 3507 712 3557 murcavit!
730 3510 806 3559 Geso.
839 3509 892 3557 ‘Iu
908 3510 958 3572 ipso
975 3509 1099 3560 facillima
1115 3518 1157 3559 est
1174 3510 1321 3559 emendatio
1332 3517 1362 3560 et

259 3573 450 3624 confirmatura
459 3573 535 3622 codd.
548 3574 652 3628 nostris,
664 3587 715 3634 qrro
724 3581 801 3633 pacto
810 3587 900 3621 sensus
911 3581 951 3622 est
962 3574 1086 3637 apertus!
1102 3575 1187 3624 Arsia.
1203 3575 1272 3622 Vide
1283 3575 1360 3623 Nott.

258 3641 336 3688 Varr.
365 3640 430 3688 Cod.
441 3639 532 3686 Patav.
544 3637 657 3691 exbibet,
668 3636 729 3686 uilril
740 3638 789 3700 ipso
802 3637 930 3695 tesortnnu
939 3640 1050 3687 mutauit.
1079 3645 1086 3667 ¹
1103 3640 1236 3701 Eodemque
1247 3639 1341 3686 omnin.
1353 3673 1360 3688 .

258 3704 371 3768 mutavit]
389 3705 432 3753 lta
447 3717 505 3751 curn
516 3702 661 3752 Scbwnraio
679 3701 819 3762 edidimus,
839 3703 966 3751 malumus
987 3709 1082 3766 tamen,
1100 3703 1168 3767 quod
1189 3704 1268 3752 etiam
1285 3702 1361 3754 ,1.Α.

258 3770 379 3818 Ernestio
391 3769 499 3833 placuit,
517 3768 543 3816 iu
561 3768 611 3830 ipso
628 3771 661 3816 te.
692 3767 726 3816 V.
747 3765 783 3814 D.
800 3768 825 3814 iu
844 3767 953 3830 Eplrem·
970 3765 1140 3819 mutemus.
1158 3763 1265 3830 praefert
1277 3767 1361 3829 Lipsii

755 3881 864 3931 NOTAE

291 3979 303 4013 ‘l
322 3979 382 4036 Qaoe
400 3979 466 4041 prior
484 3979 545 4042 oris]
573 3977 643 4026 Nilril
657 3977 689 4026 de
701 3993 732 4026 ea
744 3977 787 4025 bu·
830 3977 860 4026 lis
873 3976 903 4026 iis
914 3975 1083 4042 principibus,
1096 3975 1187 4040 quint
1202 3975 1239 4026 ait
1258 3975 1326 4025 iufra
1337 3991 1361 4026 e.

260 4058 386 4104 munitate
399 4054 528 4114 renrisisti,
539 4068 588 4118 qua
602 4055 716 4116 privatus
728 4053 790 4101 emi·
831 4066 908 4102 nxxr.
934 4051 1034 4102 ‘Velut
1054 4049 1123 4100 affixi
1145 4050 1277 4101 curulibus
1299 4052 1363 4113 suis,

261 4132 352 4190 nebus,
369 4131 495 4194 siquidem
514 4132 655 4194 imperator
674 4145 730 4178 cum
748 4131 791 4191 sis,
831 4144 931 4177 uranum
951 4137 1059 4189 tantum,
1077 4136 1104 4176 et
1122 4130 1187 4178 lrauc
1206 4133 1364 4178 crrrrctanter

260 4215 288 4255 et
308 4214 424 4254 senatum
445 4213 472 4255 et
489 4207 615 4272 equestris
633 4207 728 4254 ordinis
746 4207 790 4254 de·
830 4212 857 4254 et
880 4207 964 4269 pigre,
989 4214 1018 4254 et
1046 4205 1234 4268 imputantibus
1256 4205 1363 4268 similes,

261 4295 323 4332 cors
334 4283 421 4331 oscrrlo
433 4284 555 4346 excipere
573 4297 623 4333 non
636 4281 790 4346 dedignaris,
832 4281 1005 4346 promebant!

260 4372 309 4408 nee
321 4357 368 4407 das
380 4371 482 4408 manum
494 4357 675 4411 osculandam:
688 4357 790 4408 absimi-
864 4366 874 4389 ⁸
891 4355 961 4406 Ntutt
971 4357 1021 4421 ipsa
1031 4355 1069 4422 [iu
1080 4355 1143 4419 ipso]
1155 4357 1190 4421 te]
1209 4356 1291 4422 Lege,
1300 4356 1363 4407 vuilit
