3088 4848
272 406 337 471 276
640 420 677 467 cs
696 418 816 466 eursu
841 417 1005 468 accusor

269 565 328 629 ris.
371 566 403 627 5.
426 561 604 627 Paicbrius
627 562 703 640 boc,
717 561 846 638 Caesar,
870 559 970 645 qnam
994 562 1025 624 si
1046 574 1218 625 recusares
1237 577 1365 626 omues.

271 663 362 729 Nam
375 683 529 728 recusare
544 679 673 738 omues,
688 662 898 742 ambitionis3
917 662 1151 725 moderationis
1162 670 1226 737 est,
1240 662 1365 744 eligere

268 765 493 848 parcissimos.
538 764 616 842 Quo
630 769 900 846 temperamento,
918 769 952 827 et
968 763 1090 837 ιιοὶιίε,ο
1111 769 1144 824 et
1156 764 1365 838 ieronimum·

268 864 343 928 solis
353 888 364 927 .·
376 863 461 928 nobis
472 864 604 950 quidem,
616 886 691 949 quos
705 864 787 927 omui
797 863 910 927 liberos
923 862 1114 946 suspiciones
1128 862 1239 926 erario
1249 873 1365 943 aulem,

268 967 360 1050 quod
374 969 539 1032 sumtibus
554 966 628 1050 ejus
642 965 782 1031 adhibes
797 965 947 1042 modum,
965 973 1002 1029 ut
1015 966 1075 1047 qni
1087 964 1288 1030 exhaustam
1299 985 1364 1030 oon

726 1142 910 1164 oueemnn

264 1257 312 1292 sros
329 1244 524 1305 &simpli
540 1244 624 1294 ‘Hac
643 1243 731 1304 rerba,
749 1244 814 1292 Nom
832 1257 939 1292 recmare
949 1256 1037 1303 omnes,
1050 1254 1186 1304 perperam
1198 1241 1291 1290 omissa
1302 1251 1363 1294 sunt

265 1307 292 1356 lu
305 1319 363 1355 meo
373 1309 470 1363 codice,
482 1309 508 1356 in
521 1323 571 1372 quo
582 1314 643 1370 post
653 1308 741 1364 rerba,
752 1309 853 1370 mamas·
869 1319 989 1356 recusares
1003 1319 1089 1366 moses,
1104 1319 1165 1354 mcx
1182 1307 1299 1368 seqnitur
1314 1319 1364 1355 om·

266 1370 362 1419 biliosis
377 1373 507 1422 andrentio
517 1379 563 1433 est,
578 1373 665 1432 eligere
679 1371 837 1434 parcissimos.
874 1371 925 1420 Sed
943 1371 1021 1419 etiam
1033 1371 1059 1418 ln
1071 1369 1364 1420 reseruassemus„

265 1435 363 1483 babeat
378 1435 434 1484 bssc
446 1437 542 1485 verba:
566 1438 626 1484 Nom
637 1449 744 1484 recusare
754 1450 841 1496 omres,
850 1435 987 1484 ambitionis
993 1448 1003 1490 ,·
1020 1433 1148 1482 moderatio
1160 1438 1204 1493 est,
1213 1433 1300 1494 eligere
1306 1449 1363 1497 por·

263 1498 378 1548 mammos.
411 1499 449 1548 As
461 1501 487 1548 in
498 1501 615 1549 erunibus
628 1500 739 1554 excusis,
751 1508 778 1546 et
789 1501 815 1547 io
830 1502 885 1548 solu
897 1497 986 1548 codice
998 1496 1093 1546 venet.
1106 1502 1129 1545 1.
1141 1497 1221 1545 lectio
1232 1502 1305 1546 ertst
1320 1513 1362 1546 ree

266 1561 335 1611 rior!
351 1563 470 1612 Scbwors.
497 1565 626 1612 moderatio
636 1568 672 1612 est
684 1564 743 1614 cod.
755 1563 846 1612 Patar.
858 1570 885 1611 et
899 1563 966 1613 Erro.
976 1562 1052 1610 Voss.
1085 1565 1092 1590 ⁸
1105 1561 1158 1615 Quo
1170 1564 1363 1626 temperamento]

265 1623 369 1674 Laudat
389 1627 487 1675 Plinius
503 1628 715 1683 moderationem,
731 1641 807 1689 qnam
824 1626 950 1690 Trajauus
968 1628 992 1674 in
1010 1620 1177 1673 admittendis
1195 1624 1330 1674 lionoribus
1348 1642 1364 1675 s

264 1699 357 1738 senatu
375 1691 422 1738 sibi
444 1691 556 1740 decretis
575 1691 704 1739 adhibeat.
737 1691 891 1738 Potertmu's
911 1691 959 1738 trac
976 1689 1090 1738 lectione
1108 1688 1288 1749 requiescetur
1304 1697 1362 1739 can

260 1752 316 1815 jsm
329 1755 464 1802 estunam
475 1756 626 1817 ostenderit,
636 1754 775 1817 Trajauum
787 1755 824 1804 sic
841 1753 966 1816 profuisse
982 1754 1091 1816 primurn
1104 1753 1203 1801 senatui
1219 1760 1247 1803 et
1258 1755 1363 1816 populo,

264 1815 325 1864 dnm
337 1832 387 1866 oon
399 1819 538 1881 reptaverit
550 1819 667 1868 ararium
680 1835 693 1865 e
704 1817 775 1866 bonis
787 1819 960 1868 innocentium
973 1833 980 1877 ς
991 1818 1086 1865 deinde
1097 1816 1192 1876 orosio,
1204 1817 1264 1864 dum
1273 1813 1363 1866 sumti·

263 1879 312 1929 bur
324 1883 380 1942 ejus
392 1883 495 1931 modum
508 1883 662 1934 adbibuerit.
696 1883 747 1932 Sed
759 1883 828 1940 ride,
839 1883 917 1946 quale
928 1883 1097 1944 posteriorum
1110 1880 1247 1930 verborum
1258 1882 1363 1944 supple·

263 1954 377 1994 montrum
400 1956 521 2008 suggerat
542 1949 624 1996 cortex
642 1945 745 1994 noster!
758 1980 765 1994 .
779 1947 869 2001 ..Quo
891 1950 1080 2008 temperamento,
1096 1950 1121 1993 et
1135 1945 1212 2004 uobis,
1225 1949 1250 1993 et
1267 1946 1362 2002 aromo,

262 2012 378 2066 eomulim·
397 2011 464 2059 uobis
473 2012 576 2073 quidem,
585 2013 645 2074 quod
655 2008 687 2073 [f.
699 2011 768 2072 quos]
778 2010 840 2058 omni
850 2009 935 2059 liberos
944 2009 1075 2072 suspicione
1084 2024 1094 2066 ,·
1109 2009 1193 2055 oerorio
1204 2013 1290 2064 autem,
1301 2009 1362 2071 quod

262 2074 378 2121 sumtibus
388 2075 437 2122 tais
447 2075 543 2123 adbibes
558 2078 660 2132 modeim,
670 2077 698 2121 ut
708 2073 749 2136 qai
759 2074 899 2122 exboustrrm
910 2088 957 2122 aas
966 2075 999 2120 eir
1010 2073 1167 2121 muneralium
1178 2072 1244 2119 bonis
1260 2075 1360 2134 repletu-

261 2148 311 2184 ras.
332 2138 500 2198 Expendaut,
510 2153 607 2202 qrrraso,
618 2137 672 2197 alii,
684 2151 716 2186 au
728 2140 934 2200 supplementum
946 2136 1026 2199 lrnc,(
1047 2135 1097 2183 rrod
1109 2136 1187 2185 etiarn
1202 2136 1270 2183 aiter
1281 2135 1362 2186 Gudii

261 2199 329 2246 liber
340 2214 370 2246 es
385 2201 435 2248 alio
447 2201 538 2251 codice
551 2201 601 2248 Ms.
613 2207 762 2248 annotatum
776 2197 881 2262 refert)
891 2201 964 2264 stylo
974 2197 1092 2248 Plinraao
1104 2199 1138 2247 sit
1148 2198 1292 2260 indignam,
1302 2212 1361 2247 sen-

263 2263 405 2322 teutioeque
417 2265 555 2326 proposita
567 2278 617 2312 uon
630 2264 775 2324 congruat?
806 2265 849 2312 Sic
862 2276 923 2311 vero
934 2263 1069 2326 Trajanrrr,
1081 2275 1138 2311 curu
1151 2275 1202 2310 noo
1215 2277 1303 2310 omnes
1314 2264 1360 2312 bo·

261 2339 338 2374 nores
356 2325 403 2374 sibi
422 2327 525 2388 publice
547 2327 668 2376 decretos
686 2327 813 2376 recusarit
832 2325 954 2376 liberasse
969 2327 1063 2375 dicitur
1077 2333 1192 2375 senatum
1205 2325 1361 2390 suspicione,

261 2389 334 2452 quasi
353 2390 394 2436 iric
416 2391 558 2454 principem
573 2405 646 2439 strum
668 2389 744 2453 plane
761 2391 938 2440 outinhonore
954 2390 1059 2452 dignum
1077 2391 1193 2440 baberet.
1226 2389 1268 2438 Sic
1281 2391 1359 2439 etiam

261 2453 332 2502 idem
349 2453 483 2516 Trajaous,
502 2469 559 2503 cum
577 2455 688 2503 honores
707 2455 798 2502 saltem
811 2455 975 2516 parcissimos
987 2454 1130 2512 admiserit,
1141 2467 1188 2503 nec
1201 2455 1311 2502 voirrerit
1322 2456 1360 2502 iu·

259 2524 351 2580 gentes
363 2532 447 2578 arcus,
458 2519 563 2582 templs,
575 2524 673 2567 statuas
686 2533 787 2581 aureas,
799 2519 831 2566 de
842 2517 945 2581 publica
964 2518 1073 2582 pecnnia
1091 2518 1139 2568 sibi
1154 2519 1269 2578 exstrui;
1287 2526 1360 2568 recte

260 2580 358 2630 dicitur
369 2581 513 2631 adhibuisse
525 2583 652 2632 sumtibus
664 2581 777 2638 modom,
795 2597 827 2631 ne
843 2582 960 2632 ararium
974 2581 1089 2644 alioquin
1102 2581 1268 2646 amplioribus
1279 2581 1360 2631 trono·

260 2645 332 2694 ribus
344 2646 497 2695 exbanstum
510 2661 617 2696 necesse
628 2647 747 2696 babuerit
757 2647 930 2696 innocentium
944 2647 1017 2695 bonis
1030 2647 1139 2709 rapiere.
1165 2647 1298 2700 Ceterum,
1309 2647 1359 2695 etsi

259 2710 468 2771 supplementum
480 2712 526 2759 boc
536 2726 623 2760 ornnes
634 2711 694 2759 iibri
706 2711 825 2772 impressi
836 2717 863 2759 et
872 2717 1087 2760 commentatores
1100 2711 1182 2758 adbuc
1192 2711 1358 2772 ignorarunt3

259 2780 383 2829 attamen,
404 2790 461 2824 curn
479 2775 736 2824 vocabulumsoerorio
753 2774 777 2822 in
798 2771 887 2822 eodem
904 2775 1038 2823 verborum
1059 2773 1156 2822 ambitu
1174 2773 1213 2821 bis
1229 2782 1359 2838 oenomai,

257 2835 327 2886 barrd
340 2852 408 2900 aegre
421 2837 597 2901 intelligimus,
612 2837 740 2902 quomodo
757 2837 814 2886 tieri
826 2841 950 2902 potuerit,
968 2845 995 2887 ut
1008 2837 1107 2887 librarii
1119 2837 1144 2885 iu
1156 2838 1211 2885 aliis
1224 2837 1359 2888 codicibus

257 2915 341 2963 prono
355 2903 427 2962 lapsu
440 2899 472 2950 ab
485 2917 536 2950 ιιιιο
547 2904 578 2950 sd
592 2902 701 2950 alterurn
714 2903 872 2957 transierint,
884 2901 914 2950 iis
925 2901 1029 2964 quidem
1042 2899 1136 2956 verbis,
1150 2915 1207 2966 quae
1220 2901 1358 2964 interjecta

258 2970 342 3021 erant,
353 2965 493 3013 oscitanter
504 2965 641 3026 neglectis,
660 2971 688 3011 et
702 2965 760 3011 aliis
770 2964 802 3011 ad
815 2965 1025 3014 constituendam
1042 2967 1193 3013 seutentiam
1205 2966 1299 3013 leviter
1311 2966 1358 3012 iar·

258 3025 381 3077 mutatis.’
398 3025 519 3077 Scbsoara.
551 3027 605 3076 ‘Ut
617 3041 648 3074 ex
662 3025 730 3092 aliis,
745 3028 782 3075 ita
799 3035 826 3076 et
842 3028 890 3076 boc
901 3041 934 3076 ex
946 3029 1002 3078 loco
1014 3029 1140 3091 intelligo,
1157 3029 1272 3078 codicem
1285 3036 1357 3078 tuum

259 3089 361 3140 venisse
373 3105 388 3138 a
400 3106 476 3140 manu
489 3091 571 3148 scioli,
590 3089 675 3139 Plinio
687 3090 835 3154 adjicientis
847 3093 985 3141 temerario
1003 3107 1076 3148 ausu,
1093 3107 1150 3157 quae
1164 3091 1274 3155 putabat
1286 3091 1357 3141 errei-
1395 3098 1400 3104 “

257 3153 335 3204 disse.
351 3155 464 3215 Vulgata
475 3159 606 3216 scriptura
616 3154 679 3202 nibil
691 3152 751 3203 mihi
764 3154 869 3204 videtur
881 3156 932 3204 dici
945 3157 1058 3218 potuisse
1070 3155 1217 3218 pulchrius!
1237 3157 1357 3209 flumas.

254 3218 262 3245 ‘
274 3218 317 3267 lta
326 3218 394 3267 bunc
405 3234 506 3282 quoque
518 3221 602 3267 iocum
614 3218 753 3268 bellissime
764 3219 895 3282 supplerit
907 3220 982 3269 Voss.
994 3227 1021 3269 et
1038 3221 1151 3282 Guelplr.
1169 3221 1261 3282 codex,
1281 3221 1356 3282 ctrjus

258 3283 414 3345 scripturam
428 3284 519 3332 merito
530 3282 685 3346 approbarit
697 3283 808 3344 Curtius,
828 3283 875 3331 uisi
888 3297 944 3331 cnm
962 3283 1063 3346 legeret
1073 3298 1130 3346 pum
1145 3284 1217 3331 omni.
1252 3283 1303 3334 Qui
1316 3284 1355 3332 di-

255 3345 379 3408 iigentios
389 3345 421 3393 sd
434 3347 563 3410 vulgatam
576 3345 699 3404 attendit,
709 3361 760 3396 non
772 3345 913 3396 difficulter
924 3347 967 3395 iric
977 3348 1076 3396 hiatum
1088 3349 1211 3407 agnoscit.
1231 3346 1356 3396 Etnrnlto

257 3409 417 3471 elegantiora
428 3419 497 3465 sont,
508 3425 566 3474 qua
577 3411 742 3472 suppleatur,
757 3425 833 3474 quarn
846 3419 898 3460 nts
910 3411 1021 3460 librariis
1034 3420 1137 3474 possem
1149 3412 1294 3474 expectari,
1309 3413 1355 3474 qai

256 3485 316 3520 raro
326 3473 415 3520 talium
429 3487 514 3522 rerum
525 3475 574 3522 sibi
584 3473 714 3522 habebam
725 3475 914 3535 copiam,anrta
927 3476 1079 3524 tutissimam
1091 3489 1193 3538 semper
1205 3475 1271 3524 riam
1282 3474 1356 3536 eligi·

256 3551 322 3596 arus,
342 3537 364 3583 ri
382 3550 415 3584 err
434 3537 524 3599 priscis
544 3535 677 3586 codicibus
691 3538 788 3602 altqmd
805 3539 878 3601 qrrasi
897 3540 1054 3601 postliminio
1069 3540 1225 3598 reducimus,
1241 3553 1316 3602 quam
1334 3540 1356 3587 si

257 3600 540 3663 reductaabjicismus.
574 3601 645 3650 Nihil
667 3615 728 3649 sane
746 3603 826 3664 magis
845 3603 990 3660 excogitari
1009 3612 1094 3665 posset
1110 3601 1295 3658 Plinianum,si
1313 3602 1355 3650 vel

255 3663 415 3778 ibiibi}
425 3664 698 3792 'itit‘ltlttttt
709 3663 880 3779 ‘stiriis
891 3663 990 3778 ,tit
997 3669 1356 3794 tism‘tlttlttttlt

254 3763 870 3857 «metaumaucensislateres
882 3794 964 3854 sessu
977 3792 1171 3857 putaturus.
1196 3794 1264 3843 viae
1278 3796 1353 3844 uas.

255 3855 332 3906 Varr.
351 3857 416 3908 ilaec
429 3859 548 3920 resonet
558 3859 676 3906 amine.
685 3872 710 3906 rs.
722 3874 744 3921 q.
758 3875 782 3922 q.
792 3861 840 3909 al.
850 3859 1171 3922 resumpturus-sss·
1182 3867 1245 3908 snat
1255 3859 1282 3907 ta
1293 3858 1353 3908 eod'.

757 3983 865 4035 NO'l'AE

253 4088 369 4150 tertirun,
390 4093 420 4136 nt
439 4097 525 4147 supra,
546 4089 575 4131 et
590 4095 683 4130 amaea
700 4081 782 4144 patris
852 4084 913 4131 tEt
924 4082 1003 4146 ulis]
1020 4079 1088 4133 tinia
1101 4082 1228 4132 exhauste
1245 4080 1277 4130 sd
1296 4087 1352 4128 ets-

253 4163 357 4222 pstrira,
376 4161 444 4226 qnod
456 4160 541 4210 multis
553 4165 653 4207 tantum
667 4165 726 4220 post
736 4171 781 4206 aa·
821 4167 923 4212 tuarosn
934 4158 1063 4220 imperasse
1081 4161 1182 4218 amrin,
1198 4169 1249 4206 aon
1263 4169 1351 4205 mmor

252 4234 468 4288 nissibideeersi
480 4243 629 4302 psmnsem.
822 4233 928 4284 editiori
939 4232 1089 4298 replendam
1102 4230 1336 4296 oontsspottsndt„
