3100 4854
550 354 832 406 usrnarnteus.
878 355 904 402 1.
919 337 972 403 to.
1251 338 1314 411 161

218 501 250 566 3.
274 500 322 566 At
338 519 418 583 quo,
434 499 493 564 Dii
506 499 597 574 boni,
613 503 876 580 temperamento
891 499 1092 578 potestatem
1106 499 1197 561 tuam
1209 495 1314 559 fortu-

219 621 364 686 namque
379 602 571 665 moderatus
585 601 646 663 esi
691 598 878 680 Imperator
900 605 936 658 tu
951 595 1092 667 titulis,¹¹¹
1108 601 1149 661 et
1164 596 1320 677 imagini-

220 703 297 778 bus,
313 709 349 766 et
364 701 491 782 siguis3
513 707 661 764 ceterum
684 697 862 772 modestia,
876 697 1006 772 labora,
1026 697 1212 779 vigilantia,
1231 698 1314 775 dux,

221 810 257 867 et
279 803 419 885 legatus,
441 811 475 866 et
496 801 614 884 milest
637 819 715 864 oum
732 799 804 882 jam
827 809 884 862 tua
900 798 1035 875 vexilla,
1058 804 1134 866 tuas
1157 799 1317 882 aquilas,¹¹

218 923 340 986 magno
363 903 468 985 gradu
488 902 647 977 antestes,
673 920 780 985 neque
802 899 893 965 aliud
909 900 970 965 tibi
986 915 1030 962 ex
1049 899 1108 967 illa
1123 899 1316 982 adoptione,

220 1023 322 1087 quam
336 1003 399 1068 tilii
413 1007 582 1087 pietatem,
597 1001 656 1066 filii
682 1002 894 1084 obsequium,
917 1020 1095 1078 assereres,
1116 1003 1316 1085 longamque
1401 1011 1405 1018 “

218 1105 298 1171 huin
314 1105 459 1170 nomici⁰
482 1110 627 1182 mitatem,
643 1103 778 1184 longam
797 1103 948 1185 gloriam,
965 1121 1141 1185 precarcre.
1185 1105 1215 1165 t.
1236 1101 1318 1166 Iam

218 1208 252 1268 te
266 1204 479 1286 providentia
496 1205 641 1270 Deorum
657 1205 801 1288 primum
818 1205 851 1269 iu
873 1204 1009 1274 locum¹²
1032 1208 1254 1288 provexerat3
1279 1207 1316 1265 tu

221 1304 330 1370 adhue
350 1307 384 1370 iu
408 1307 556 1372 seeundo
578 1307 744 1382 resistere,
768 1317 869 1388 atque
893 1306 995 1376 etlam
1011 1324 1200 1382 senescere,
1223 1310 1317 1388 opta·

219 1404 300 1469 bas:
323 1405 471 1487 privatus
499 1406 559 1470 tibi
582 1404 763 1481 videbaris,
783 1405 944 1487 quamdiu
967 1407 1151 1488 Imperator
1173 1414 1207 1474 et
1229 1405 1318 1474 alius

221 1510 336 1568 essetf
368 1504 497 1570 Audita
510 1511 589 1570 sunt
604 1512 686 1568 vota
702 1511 793 1582 tua3‘t
810 1505 869 1568 sed
893 1507 927 1569 iu
950 1511 1108 1588 quantum
1126 1506 1253 1588 optimo
1267 1505 1318 1569 illi

221 1611 255 1670 et
263 1605 481 1670 sanctissimo
491 1607 565 1670 seni
575 1606 654 1670 utile
666 1604 742 1682 suit,
750 1624 851 1687 quem
862 1605 922 1672 Dii
934 1607 1024 1675 coelo
1038 1607 1318 1683 vindicaverunt,‘

317 1761 328 1786 ⁶
345 1753 569 1818 Quamdirrimperr'i
578 1753 665 1803 socium
675 1753 779 1803 tuimet.
1001 1754 1014 1788 ⁴
1032 1755 1190 1806 inumerare.
1291 1779 1295 1786 ·
1315 1779 1319 1786 ·

677 1862 798 1886 nenne
801 1864 859 1885 OM

222 1942 297 1994 lum.
305 1942 427 1993 Arntsen.
440 1945 493 1993 Nee
505 1945 609 1995 Hercule
619 1951 685 1998 tauto
692 1952 818 2007 opere-tt
829 1947 881 1994 ‘Aa
889 1949 951 2006 qaod
962 1939 1207 2005 teuperumearo'borri
1216 1949 1320 2005 potestu-

222 2013 270 2056 tem
281 2007 341 2057 cod.
350 2007 436 2056 Paris.
458 2006 499 2056 Ad
508 2008 562 2056 botri
573 2014 754 2069 temperamento
763 2012 903 2069 potestatem
911 2006 969 2056 cod.
980 2008 1075 2055 Vener.
1101 2008 1135 2054 At
1145 2020 1189 2066 quo
1200 2007 1253 2054 tort
1265 2013 1321 2056 tem·

219 2076 356 2184 quemme
364 2075 505 2132 patestatem
516 2071 609 2133 Salisb.
634 2071 675 2120 Ad
685 2073 745 2133 quod
762 2072 817 2120 torri
832 2076 1013 2134 temperamento
1026 2075 1166 2132 potestatem
1184 2069 1277 2120 Pater.
1295 2080 1322 2120 et

246 2148 296 2184 os.
322 2135 499 2197 Adqrrorlborri
515 2140 722 2199 temperamentum
732 2136 941 2198 potestatemeorl.
959 2149 1040 2184 meus.
1077 2133 1172 2182 Nescio
1193 2135 1321 2198 quomodo

221 2204 273 2248 tatu
287 2199 377 2258 inepta
389 2201 538 2261 corruptela
558 2207 597 2249 tot
615 2200 719 2249 codices
739 2199 889 2263 inquinarit.
916 2199 1019 2248 Puteoi.
1039 2204 1067 2250 et
1085 2197 1205 2248 Beroald.
1223 2200 1321 2262 omissis

221 2263 310 2312 veritis
321 2262 367 2312 Dii
378 2262 440 2320 tuat,
451 2263 568 2324 edidere,
578 2263 613 2312 Ar
630 2280 674 2325 quo
692 2269 872 2326 temperamento
886 2268 1042 2326 potestatem
1059 2262 1197 2314 Catuutrus
1217 2273 1244 2310 et
1264 2264 1319 2326 qui·

222 2325 282 2376 datu
294 2327 348 2384 aiii,
363 2326 397 2375 Ar
412 2343 457 2391 quo
477 2333 666 2392 temperamento,
681 2328 727 2378 Dii
744 2327 808 2390 barri,
824 2327 978 2392 patestatem?
988 2328 1124 2384 ,Sequurz-
1152 2327 1284 2388 Imperator
1294 2333 1322 2377 tu

221 2405 268 2440 aar
279 2391 357 2440 titulis
368 2391 426 2440 cod.
439 2392 534 2442 Venet.
553 2393 658 2455 ‘Vulgo
671 2393 736 2440 male
749 2391 971 2455 distinguebatur:
990 2391 1128 2440 Moderatus
1136 2406 1161 2440 es
1170 2387 1322 2454 Imperator?

221 2459 249 2516 itt
259 2455 338 2504 titulis
345 2471 355 2513 ,·
372 2455 440 2518 quod
459 2458 549 2506 vitium
562 2457 618 2518 juro
636 2457 778 2506 sustulerat
797 2457 899 2517 Lipsius
920 2453 1021 2508 Quart.
1040 2456 1127 2516 Epist.
1141 2459 1219 2506 ult.
1235 2458 1321 2507 necin

221 2519 411 2583 antiquioribus
423 2519 525 2570 Puteol.
539 2523 649 2580 Veneta,
661 2520 765 2581 Aldina,
773 2520 937 2569 Frobeniuna
948 2518 1136 2580 reperiebatur,
1154 2520 1250 2579 primus
1264 2535 1321 2570 rum

223 2596 340 2633 errorem
359 2584 484 2634 intulerat
505 2584 744 2646 statutumquam
763 2585 891 2646 expressit
911 2583 1051 2646 Gryphius.
1086 2585 1167 2632 Recte
1184 2584 1323 2632 cataneus

222 2647 376 2710 distingui13
396 2648 442 2696 red
454 2649 497 2698 ille
511 2649 599 2696 omisit
618 2653 655 2708 tu,
668 2647 769 2710 judicio
782 2662 813 2696 an
825 2648 923 2698 incuria
932 2647 1077 2708 dubitares,
1093 2655 1164 2695 certe
1176 2647 1270 2696 unllam
1284 2661 1323 2694 ra·

220 2710 318 2762 tionem
328 2711 436 2761 addidit.
457 2713 554 2763 Tamen
563 2726 620 2761 eam
633 2713 769 2760 lectionem
779 2713 944 2775 arripuerunt
958 2711 1057 2760 Hearu.
1069 2719 1096 2758 et
1109 2710 1243 2766 Cellarius,
1254 2711 1323 2773 quod

221 2773 376 2834 imitandum
388 2789 438 2824 uon
450 2775 522 2840 duxi,
533 2790 590 2826 cum
604 2776 725 2838 neglecta
736 2776 856 2826 videatur
866 2792 897 2832 ex
912 2775 1080 2826 similitudine
1096 2774 1229 2838 sequentis
1247 2776 1324 2836 sylla·

220 2837 280 2886 bu?
296 2837 381 2888 Arata.
417 2840 489 2897 Mox,
500 2842 556 2890 brec
568 2841 653 2890 orauit
665 2841 753 2902 verba,
769 2856 821 2892 eum
833 2841 884 2901 jum
895 2846 936 2890 tuo
952 2839 1049 2896 uexillo,
1061 2845 1115 2888 tuus
1126 2839 1225 2902 aquilus,
1237 2854 1323 2900 magno

221 2903 516 2967 mactatarumque,
527 2905 621 2956 omissa
632 2914 692 2954 sttut
705 2905 730 2954 iu
749 2905 808 2955 cod.
829 2905 912 2954 Paris.
947 2905 1030 2954 Paulo
1045 2910 1111 2966 post,
1132 2903 1192 2952 Atd.
1210 2910 1237 2952 et
1253 2903 1324 2953 sicu.

220 2965 361 3028 longamque
368 2968 480 3030 glorium.
497 2969 581 3018 cndu.
590 2969 684 3018 Patav.
695 2977 722 3018 et
734 2971 808 3021 Voss.
817 2969 1006 3034 peremeris—t
1017 2969 1075 3016 dom
1087 2967 1159 3018 deest
1169 2968 1195 3016 in
1207 2967 1268 3016 ΑΜ.
1288 2969 1325 3016 Ni

222 3033 247 3080 te
263 3032 412 3092 providentio
424 3032 459 3082 D.
469 3048 494 3095 p.
506 3035 532 3084 t'u
550 3035 567 3082 I.
583 3034 730 3096 provexisset
748 3034 813 3084 Erre.
824 3035 901 3085 Voss.
923 3034 1056 3094 Imperator
1075 3033 1137 3080 alius
1150 3037 1211 3081 esset
1230 3031 1323 3082 Salisb.

223 3092 369 3156 Nttrtetrputu
377 3095 434 3146 Joei
444 3103 499 3147 strat
510 3103 565 3146 eote
575 3103 615 3146 tue
626 3100 650 3146 le
669 3112 714 3146 ere
725 3098 825 3159 optarit
834 3097 950 3146 BelrrIus.
962 3100 969 3124 ‘
979 3097 1044 3144 Euo.
1054 3095 1162 3144 Vossius
1173 3101 1201 3144 et
1212 3095 1325 3157 Guelplr.

222 3163 333 3221 uterque
343 3161 373 3208 de
384 3161 440 3211 errlo
448 3176 462 3218 ,·,
474 3160 521 3210 sed
533 3173 621 3208 seusus
638 3113 725 3208 obstat
742 3161 868 3222 apertius,
879 3173 957 3222 qusur
968 3167 998 3206 ut
1009 3157 1128 3208 dubitare
1140 3159 1230 3220 liceat,
1245 3159 1325 3206 omni-

222 3219 270 3274 bns
289 3237 392 3288 quoque
411 3223 471 3274 edd.
489 3230 639 3275 constanter
657 3222 754 3272 editam
773 3223 929 3286 scripturam
947 3221 1099 3284 tuentibus)
1110 3224 1196 3274 Amtz.
1226 3225 1321 3272 meato

720 3349 829 3400 NOTAE

255 3453 275 3480 ¹¹¹
291 3445 424 3510 Imperator
434 3452 462 3496 tu
478 3446 569 3510 titulis]
590 3446 633 3496 'I'u
651 3446 756 3514 quidem
796 3461 865 3496 mum
878 3447 903 3496 itt
915 3449 1009 3497 sacello
1026 3448 1143 3509 Inclusa;
1162 3455 1190 3498 ut
1206 3465 1238 3500 ex
1255 3465 1325 3500 utrm·

224 3521 319 3586 titulis,
329 3521 494 3586 imaginibus,
511 3528 539 3572 et
555 3523 635 3588 signis
646 3524 756 3587 impera·
796 3522 845 3571 mis
861 3530 980 3586 apparet.
1015 3525 1055 3574 De
1066 3525 1105 3574 bis
1118 3525 1185 3576 iutra
1198 3541 1256 3592 cap.
1266 3540 1323 3577 xrv.

225 3601 268 3646 tor
280 3612 348 3659 eras,
359 3599 405 3648 sed
417 3598 484 3648 idem
505 3599 632 3648 modestis
648 3607 675 3649 et
692 3600 753 3664 rigi·
798 3604 853 3649 not.
864 3598 881 3648 ¹.

227 3673 317 3744 lautis,
329 3674 391 3738 dux,
402 3675 513 3738 legatus,
525 3683 552 3724 et
564 3676 645 3726 miles.
829 3684 841 3710 ⁰
857 3675 924 3725 Huic
941 3677 1041 3740 remini]
1064 3678 1121 3726 Filii
1140 3692 1232 3728 nomeu
1251 3685 1326 3741 opta·

255 3755 268 3781 ⁸
285 3749 347 3800 Ibus
368 3751 471 3816 mullas]
499 3752 607 3816 Aquilae
629 3753 756 3804 Romana·
795 3751 853 3813 bas,
864 3759 893 3799 ut
906 3752 954 3801 tibi
971 3753 1118 3802 diuturnum
1136 3759 1214 3814 esset,
1231 3753 1256 3801 id
1276 3760 1326 3811 est,

223 3835 280 3872 rum
300 3824 427 3887 legionum
446 3827 546 3889 signum
567 3825 647 3877 fuisse
667 3834 755 3880 uotum
797 3835 825 3879 ut
844 3828 918 3878 tarde
942 3831 1094 3880 succederes
1112 3831 1198 3894 patri;
1216 3832 1261 3879 sed
1281 3832 1326 3880 Dii

223 3907 274 3950 ert.
307 3899 339 3948 ld
359 3915 419 3950 vero
436 3901 483 3950 sub
501 3902 531 3952 C.
547 3901 625 3950 Marii
642 3903 756 3952 secundo
796 3905 954 3956 immortales
964 3905 1151 3970 iastiuaveruut
1165 3908 1273 3956 virtutes
1286 3914 1326 3956 tu·

223 3976 362 4026 consulatu
382 3977 492 4040 primum
514 3977 653 4042 contigisse
673 3977 756 4028 refert
796 3997 824 4033 as
835 3982 869 4032 ud
880 3981 1054 4045 gubernacula
1073 3983 1235 4046 reipublice,
1249 3999 1325 4048 quatu

222 4051 324 4104 Plinius
336 4065 364 4102 x.
370 4056 395 4102 t.
412 4053 607 4119 Itaqueaquiloe
617 4055 702 4118 imago
711 4069 756 4104 su·
796 4071 959 4121 susceperas,
970 4058 1116 4108 admovere.
1134 4059 1203 4110 Plio.
1215 4072 1242 4108 x.
1254 4064 1277 4110 t.

224 4141 271 4178 rea
291 4128 333 4178 rel
350 4134 474 4192 argentea
495 4129 682 4194 preferebatur
700 4131 756 4181 lou·
828 4140 841 4175 Ρ
858 4134 1004 4188 Priuernum
1015 4136 1102 4199 buum]
1123 4133 1166 4186 Ad
1179 4135 1324 4198 imperium.
1394 4141 1398 4154 ·

222 4204 291 4274 pieri
304 4203 386 4256 hastas
400 4205 531 4270 imposita.
542 4213 621 4274 atqua
632 4214 662 4260 ut
678 4207 757 4273 pluri·
828 4216 841 4250 s
858 4209 951 4263 Audita
960 4216 1016 4264 stret
1026 4214 1081 4265 ueta
1090 4209 1145 4276 teu]
1169 4209 1265 4278 Aliqua
1275 4213 1326 4261 ral-

289 4275 379 4352 Ile'lpb.
388 4292 413 4338 rt
426 4287 484 4339 Ver.
495 4288 558 4339 Clas.
701 4290 795 4350 Peaeg.
811 4287 866 4341 Vct.
1238 4292 1259 4342 L
