3088 4848
504 420 784 470 rsnsorsrcus.
831 419 855 471 1.
878 405 935 470 86.
1208 410 1276 476 341

180 585 350 631 recnrsum
363 583 373 644 3
394 583 458 628 ueo
474 563 632 628 sustinuit
646 563 848 630 recedentem
864 583 930 627 nou
945 564 1046 628 etiarn
1063 569 1162 647 atque
1173 568 1275 633 etiarn

180 669 281 744 votis,
296 667 464 750 lacrymis,
480 666 588 748 sequi.
612 667 655 730 λ5.
679 663 772 729 Nam
783 665 824 728 de
839 665 1039 730 liberalitate
1054 671 1166 730 taceo.
1188 667 1275 744 Qui-

179 770 244 831 bus
260 768 347 830 enim
362 767 553 830 muneribus
578 765 705 848 aequari
719 765 792 830 haeo
808 785 889 830 cura
903 766 1076 849 principis,
1090 766 1163 830 baec
1186 769 1276 850 patu

180 870 285 945 entia,
309 874 433 950 potest,
456 887 525 950 qua
546 868 707 942 meruisti,
732 873 768 931 ut
790 869 848 932 ille
872 869 939 931 sibi
953 868 1089 943 nimium
1104 868 1210 945 sortis,
1233 889 1276 934 ac

178 989 284 1052 prope
300 969 413 1045 durus,
427 968 626 1032 videretur?
640 967 674 1035 N
676 987 715 1031 eo
725 968 855 1045 dubito,
867 969 950 1052 quin
963 969 1136 1049 agitaverit
1149 987 1274 1045 secum,

179 1090 222 1133 an
244 1071 488 1152 gubemaoula‘
509 1073 734 1150 retorqueret:
758 1074 793 1132 et
809 1069 1042 1148 iecisset,·uisi
1064 1068 1154 1151 quod
1179 1089 1276 1152 paena

177 1173 257 1253 ipso
279 1171 497 1246 coutubernio
519 1170 681 1252 principis
701 1169 835 1234 felicius
844 1169 1094 1254 jucundiusque
1115 1177 1170 1234 est
1185 1172 1276 1236 desi·

179 1272 296 1348 derare
319 1268 530 1356 principem*
553 1271 809 1342 desiderantem.
851 1274 885 1338 6.
908 1273 953 1337 Et
973 1269 1046 1336 ille¹
1067 1272 1211 1356 quidem,
1235 1280 1276 1338 ut

209 1444 223 1478 1
241 1436 339 1485 Nuuim.

633 1515 813 1536 somnumve

175 1633 283 1693 spectans
293 1631 378 1692 muria,
388 1633 653 1694 precatusquecelerens,
664 1637 705 1696 ips.
730 1637 795 1684 Ero.
806 1633 881 1682 Voss.
897 1647 938 1682 nee
956 1632 1089 1687 obtinuit,-
1106 1630 1165 1680 eod.
1180 1631 1275 1682 Pater.

174 1709 218 1743 sss
234 1696 349 1742 sustinuit
366 1697 519 1756 resedmtm,
534 1697 713 1749 sonuistinuit
730 1700 804 1748 etium
818 1704 889 1760 utque
899 1698 971 1746 etiarn
981 1697 1050 1758 sotis,
1060 1696 1180 1760 losrpmin
1190 1697 1275 1759 sequte

175 1758 268 1808 salisb.
285 1767 312 1807 et
322 1759 494 1808 Schwarsiau.
505 1760 566 1808 uotb
576 1763 732 1826 lssryrmsque
741 1764 864 1825 sequi—5
881 1761 973 1810 Salisb.
984 1768 1012 1810 et
1021 1762 1192 1810 Schwarsiau.
1204 1775 1274 1823 quum

174 1822 291 1870 meruisti.
322 1822 417 1884 Vulgo,
427 1825 560 1872 desiderare
568 1826 709 1887 principem.
741 1827 790 1875 ‘lu
802 1827 841 1876 luis
854 1826 940 1874 serbis
951 1826 1033 1874 roden
1045 1833 1134 1873 noster
1149 1824 1276 1873 vocabulo

171 1887 303 1949 principem
317 1886 390 1935 addit
401 1888 581 1936 desiderantem.
613 1890 781 1954 Eandemque
794 1904 882 1940 rocem
895 1889 983 1951 prodit
994 1889 1089 1950 primus
1101 1888 1181 1937 Gudii
1191 1888 1273 1948 liber3

172 1951 263 2013 etjam
274 1951 430 2011 evulgarunt
440 1951 623 2013 cuspinianus,
635 1954 782 2012 Rhenanus,
795 1955 933 2004 Gruterus.
970 1956 1056 2015 Digna
1068 1961 1159 2013 esest,
1171 1966 1203 1998 es
1216 1966 1273 1998 sen-

172 2015 257 2064 tentis
269 2013 361 2076 Lipsii,
373 2029 430 2077 quae
442 2015 598 2075 recipiatur;
609 2020 731 2067 convenit
740 2019 807 2067 eninr
816 2019 922 2080 argutiis
936 2017 1069 2067 l’liuiauis.
1105 2016 1198 2078 Neque
1209 2029 1273 2063 reto

173 2085 226 2127 tans
239 2078 381 2140 jucundum
400 2086 453 2140 est,
465 2079 618 2141 simpliciter
628 2083 778 2131 desiderare
790 2082 938 2142 absentem
956 2095 1032 2144 quam
1044 2079 1194 2130 desiderare
1205 2094 1274 2135 eum.

175 2157 191 2190 a
202 2157 254 2207 quo
267 2145 364 2191 sentius
375 2143 452 2192 etiarn
470 2152 497 2192 te
509 2143 663 2196 desiderari.
696 2147 798 2195 Deinde
810 2147 905 2208 legitur
916 2147 942 2194 iu
953 2145 1026 2194 libris
1038 2144 1155 2194 omuibus
1166 2144 1275 2205 impres·

173 2208 217 2263 sis,
234 2212 260 2256 ut
279 2207 384 2256 maimo
395 2207 494 2266 fruetus
511 2209 621 2272 suseepb',
640 2213 681 2273 ξι.
720 2210 824 2259 Primus
844 2210 988 2260 Livineius:
1014 2207 1161 2269 ‘Maxima’
1179 2209 1274 2271 inquit,

173 2271 257 2320 ‘bene
267 2278 307 2318 est
328 2272 353 2318 iu
370 2272 453 2322 reteri
471 2270 577 2334 codiee3
594 2273 640 2322 sed
659 2279 687 2322 et
698 2273 785 2334 fractu
800 2275 914 2323 arbitror
928 2273 1074 2336 legendum,
1094 2286 1144 2321 non
1156 2271 1274 2331 fruetus!

174 2335 274 2398 Atque,
285 2349 328 2394 eu,
346 2335 382 2384 ita
397 2335 494 2385 diserte
506 2335 589 2385 codex
600 2341 700 2397 noster,
710 2339 814 2387 monimo
823 2339 909 2398 fruteta
920 2339 1033 2401 suseepti,
1042 2341 1084 2400 iss.
1116 2336 1183 2385 Inde
1198 2337 1272 2386 loeus

173 2399 216 2450 lue
227 2400 264 2448 ita
274 2399 466 2448 concinnandas
477 2407 535 2449 est:
552 2402 589 2450 Et
600 2401 710 2462 jecisset,
729 2404 778 2452 nisi
793 2405 853 2465 qaod
863 2418 931 2463 poene
939 2403 991 2464 ipso
1000 2402 1150 2450 coutubernio
1160 2399 1275 2463 principis

167 2463 267 2522 felisius
277 2463 449 2526 J'ueunds'asqtss
460 2470 507 2526 est,
524 2465 659 2515 &aderam
674 2466 806 2528 prinoipem
817 2467 998 2514 desiderantem.
1033 2467 1064 2512 Et
1076 2465 1117 2512 ille
1128 2466 1229 2527 quidem,
1245 2469 1274 2512 set

173 2528 366 2587 mumnnfrurtn
376 2529 488 2591 reecpit,
504 2529 541 2577 ito
550 2528 637 2586 metiore
644 2530 745 2590 depositi
756 2530 827 2594 offieii
836 2529 922 2590 glorio,
933 2527 1039 2586 fruitur.
1073 2529 1131 2576 Non
1149 2528 1225 2588 plane
1236 2527 1274 2574 iu.

174 2591 260 2640 solens
271 2601 321 2648 est,
333 2592 432 2651 dicere,
448 2592 553 2641 ‘fructu
564 2590 640 2652 srui3’
655 2592 724 2642 baud
738 2607 824 2650 sectus,
845 2597 874 2640 ut
892 2596 995 2640 veteres
1012 2591 1111 2645 dixere,
1127 2591 1274 2639 ‘somniare

173 2655 320 2714 somniunr,'
335 2655 466 2718 ‘gaudere
482 2654 622 2718 gaudium:
642 2665 670 2708 et
686 2671 744 2720 quae
759 2665 819 2706 sunt
836 2657 912 2717 louge
932 2655 1005 2716 plura
1024 2654 1129 2716 generis
1148 2653 1274 2766 Ἡιιιᾱειιι.

170 2719 212 2770 Ac
225 2722 301 2782 plaue
312 2721 350 2769 ita
360 2721 462 2770 loeutus
472 2727 514 2770 eet
524 2721 589 2769 alins
600 2719 795 2783 Panegyristes,
811 2719 837 2768 iu
856 2721 956 2780 Paneg.
967 2719 1141 2768 Constantino
1179 2724 1272 2778 agusto

174 2783 256 2840 dieto,
267 2799 325 2846 esp.
337 2797 389 2832 ιιι.
399 2790 425 2834 t.
441 2786 449 2814 ‘
459 2785 556 2847 duplici
572 2783 660 2836 fructu
677 2782 849 2836 fruebantur.'
883 2783 1068 2844 Nihilominus,
1078 2783 1099 2830 si
1110 2782 1183 2830 uobis
1194 2782 1274 2831 liceat

174 2849 231 2898 siue
241 2848 396 2902 auctoritate
406 2863 463 2896 esse
474 2848 625 2912 arrdacibus,
641 2849 809 2909 roresrrsetus
820 2861 924 2912 prorsus
935 2848 1039 2907 omissa,
1047 2855 1076 2896 ut
1089 2861 1146 2909 qnae
1159 2844 1228 2894 forte
1239 2861 1272 2893 err

174 2912 256 2962 verbo
273 2921 400 2977 sequente
412 2912 508 2972 fruitur
525 2911 637 2963 conficta
654 2914 739 2974 potnit
757 2915 882 2974 irrepere,
899 2912 1016 2960 maliuurs
1028 2925 1164 2974 reponere,
1181 2911 1215 2959 Et
1233 2911 1277 2970 ills,

174 2978 276 3040 quidem,
287 2983 315 3026 at
325 2977 430 3025 maxims
445 2977 555 3039 suuepti,
572 2977 609 3025 ita
624 2977 712 3038 medere
730 2979 831 3040 depositi
848 2977 928 3042 efficii,
943 2977 1023 3038 gloria
1035 2975 1140 3034 fruitur.
1174 2975 1273 3024 Parnm

168 3041 256 3106 jurat,
273 3042 341 3104 quod
358 3042 384 3089 iu
401 3041 484 3090 altero
504 3040 584 3090 Gudii
601 3037 669 3089 libro
688 3055 735 3104 pro
746 3042 861 3101 mwimu,
870 3041 984 3099 manime,
994 3047 1022 3088 et
1035 3055 1081 3102 pro
1092 3053 1155 3088 roee
1164 3039 1274 3102 depositi,

173 3107 292 3168 deposita,
302 3104 433 3166 legamus!
450 3105 570 3154 Seianus.
603 3104 685 3152 ‘lllilri
697 3120 798 3170 quoque
804 3103 955 3167 jamdudum
965 3105 991 3151 iu
1002 3111 1117 3162 ruentem
1130 3103 1201 3150 veuit
1214 3116 1272 3165 pro·

174 3171 286 3233 betaque
299 3179 339 3219 est
352 3179 396 3218 tus
405 3169 550 3218 emendatio
562 3171 599 3218 ita
609 3168 788 3234 rescribentis:
805 3169 910 3218 maxim
918 3168 1030 3229 suseepti.
1064 3169 1132 3216 Dum
1143 3166 1222 3226 igitur
1231 3179 1273 3226 se.¹

175 3237 264 3297 queris
275 3241 347 3282 tuum
359 3234 501 3296 ingenium,
511 3233 613 3282 felicior
623 3248 663 3294 es,
674 3248 751 3296 quant
765 3247 824 3282 eum
836 3232 951 3295 sequeris
962 3231 1078 3280 codicem
1089 3238 1171 3287 tuum,
1183 3230 1209 3277 iu
1221 3245 1271 3293 quo

173 3298 265 3360 inepta
276 3299 375 3362 argutis
387 3301 442 3346 trae
454 3298 534 3346 rerba
543 3305 651 3346 extant:
668 3299 802 3348 desiderare
816 3297 945 3358 principem
954 3295 1133 3344 desiderantem.
1166 3294 1273 3355 eraeso,

174 3359 1274 3490 tttrittt⁰.l¹st'.⁰.tt⁸¹tit‘·¹’d.“tu“destitistis“sitiit

175 3491 231 3538 viro
243 3491 416 3542 eruditissimo
428 3491 585 3551 emendatio,
596 3491 752 3540 desideraris
768 3490 883 3553 principe,
900 3503 989 3538 omues
1008 3488 1095 3538 fateor
1114 3488 1213 3537 intendi
1234 3488 1272 3534 in-

175 3555 245 3618 genii
266 3556 342 3611 vires,
359 3563 389 3606 ut
404 3555 518 3620 undique
528 3555 678 3620 colligerem
688 3571 720 3605 ea
730 3564 890 3620 arguments,
906 3554 1000 3620 quibus
1012 3563 1039 3604 et
1050 3553 1110 3603 milri
1122 3551 1274 3618 persuaderi
1296 3610 1302 3626 .

671 3718 779 3768 NOTAE

176 3831 235 3868 eum
247 3815 358 3874 videret,
369 3820 396 3864 et
407 3815 487 3866 oeulis
503 3822 705 3879 prosequeretur
744 3814 780 3864 bil
799 3814 867 3864 euim
890 3827 964 3876 aque
984 3816 1086 3874 gratum
1103 3815 1144 3860 est
1163 3808 1273 3873 adeptis,

178 3897 324 3946 abeuntem.
376 3893 455 3943 sudo
480 3907 538 3956 ego,
559 3893 602 3942 ubi
626 3893 706 3942 dabat
746 3903 821 3954 quatu
833 3885 1094 3950 concupiscentibus!

176 3972 294 4022 omuibus
307 3969 450 4035 perfectum
462 3969 583 4019 amicitiae
596 3968 705 4030 signum.
729 4026 732 4034 ‚
777 3964 785 3999 ¹
801 3964 857 4026 lue]
873 3963 939 4013 Sura
954 3963 1059 4011 nimium
1076 3959 1164 4022 durus,
1177 3960 1221 4024 qui
1233 3960 1272 4042 ius

175 4047 231 4098 Hic
250 4048 316 4096 euiru
335 4048 407 4096 locus
425 4045 554 4108 duplicem
572 4044 628 4108 peti
647 4058 705 4092 seu·
747 4043 800 4091 rito
811 4040 937 4104 principe,
949 4038 990 4087 eui
1001 4038 1038 4086 ita
1048 4041 1123 4085 carus
1132 4044 1197 4099 erat,
1206 4049 1272 4099 prae·

176 4137 232 4172 sum
245 4128 341 4186 potest.
746 4119 875 4168 tecturam
892 4117 1035 4180 deponeret
1052 4120 1082 4163 ut
1096 4113 1122 4162 in
1140 4114 1219 4163 otium
1232 4127 1272 4163 se·

210 4197 706 4262 ¹Desiderureprincipem]Quamprae-
747 4195 864 4246 eederet.
1019 4191 1021 4194 ’

178 4282 253 4327 sente
264 4273 326 4329 irui.
360 4273 432 4325 Pliu.
443 4274 527 4339 Epist.
539 4286 571 4322 rr.
581 4278 619 4323 ιδ.
639 4272 647 4302 ⁸
658 4271 707 4322 Ni·
