3100 4854
221 331 287 398 ltiss
586 349 621 396 c.
644 349 766 398 aaran
791 347 956 400 sacunnr

218 508 361 556 consors
371 488 560 556 tribunicia
573 495 784 576 potestatis,¹
798 503 834 560 et
848 495 971 574 omnia,
985 495 1120 578 pariter,
1136 503 1170 562 et
1190 495 1316 578 statim,

219 593 330 658 factus
348 612 398 670 es,
412 611 490 676 qum
505 594 657 676 proxime
679 613 800 679 parens
825 605 949 662 verusy
975 602 1103 663 tantum
1123 598 1158 662 in
1178 599 1317 665 altcrnui

219 694 324 760 filium
341 695 492 760 contulit.

263 796 353 864 Gar.
371 812 428 862 rx,
465 798 498 862 1.
522 796 681 882 Magnum
701 799 766 863 hoc
787 806 854 864 ture
873 797 1114 865 moderationis
1139 801 1315 880 indicium,

219 897 309 982 quod
320 917 388 962 non
400 899 508 964 solum
522 917 707 963 successor
715 901 857 983 imperii,
871 900 929 964 sed
938 902 1107 984 particeps
1118 904 1219 966 etiam
1228 903 1315 966 soci-

219 1019 336 1084 usque,
347 1001 523 1084 placuisti.
558 1001 648 1066 Nam
666 1020 862 1086 successor,
885 1001 1018 1066 etiamsi
1032 1003 1129 1080 nolis,
1143 1002 1314 1068 habendus

219 1111 284 1171 estr
310 1123 378 1168 uon
407 1112 451 1166 est
481 1103 655 1169 habendus
678 1104 806 1180 socius,
836 1103 902 1166 uisi
932 1105 1024 1168 velis.
1066 1103 1100 1168 2.
1122 1103 1313 1168 Credentne

217 1203 353 1285 posteri,
368 1203 524 1287 patricio,
547 1209 581 1268 et
603 1204 799 1280 consulari·
822 1210 856 1268 et
870 1203 1087 1287 triumphali,b
1108 1214 1205 1289 patre
1225 1207 1316 1289 geni·

217 1310 297 1383 tum,
327 1324 403 1371 curn
426 1305 656 1383 fortissimum,
681 1307 934 1388 amplissimum,
960 1307 1226 1371 amantissimum
1251 1307 1316 1384 sui,

217 1407 399 1471 exercitum
419 1413 557 1489 regeret,
574 1407 811 1492 Imperatorem
827 1427 894 1472 non
910 1409 954 1472 ab
971 1408 1146 1472 exercitu⁰
1166 1407 1314 1474 factumi

678 1567 839 1591 ennecone
842 1568 856 1588 0

217 1667 306 1718 editio.
340 1669 458 1718 Priorem
472 1669 610 1725 cellarius,
622 1669 747 1726 Bennios,
765 1673 793 1717 et
812 1668 845 1718 cl.
858 1669 999 1723 Gesnerns¹
1017 1672 1046 1716 et
1060 1667 1116 1717 haec
1132 1682 1192 1718 rara
1205 1675 1256 1732 est,
1267 1669 1316 1720 nist

216 1732 285 1797 quod
295 1731 424 1783 redundet
435 1747 467 1782 ex
480 1735 543 1785 Mes.
556 1733 667 1782 Lirineii
677 1741 705 1782 et
716 1733 809 1782 nostris
820 1731 919 1782 duobus
932 1732 1039 1782 verbum
1051 1732 1114 1781 illud
1125 1733 1316 1783 substantivum

216 1811 266 1847 ecre
278 1797 464 1862 posteffeetrrar‚
480 1813 531 1862 quo
549 1798 605 1848 aine
624 1797 676 1846 ullo
693 1797 786 1848 damno
803 1811 937 1860 possumus
948 1794 1055 1846 carere.'
1070 1796 1157 1846 Arate.
1191 1799 1315 1848 Nostram

216 1860 353 1911 lectionem
366 1859 518 1912 confirmant
529 1861 604 1912 codd.
622 1863 695 1911 Vatt.
706 1863 787 1912 Paria.
799 1861 893 1912 Saliab.
909 1862 1021 1924 Gnelph.
1036 1868 1063 1910 et
1075 1861 1244 1912 Schwaraian.
1277 1861 1317 1912 At

216 1925 275 1975 cod.
286 1927 380 1976 Pater.
392 1934 419 1975 et
431 1928 496 1977 Exc.
507 1928 583 1976 Voss.
592 1925 705 1976 habenis
718 1925 757 1976 Aa
768 1925 921 1985 dubiumst,
932 1939 964 1974 aa
976 1927 1034 1976 dure
1043 1929 1122 1987 posset
1131 1926 1150 1973 i.
1162 1925 1218 1976 I...
1229 1925 1314 1990 affer·

216 1993 278 2051 tam,
295 1991 335 2040 cai
351 1992 460 2040 dabatur.
500 1991 616 2041 ‘Verbis
635 1990 712 2040 Simul
727 1990 799 2054 filias
826 2005 920 2040 norum
943 1997 1023 2050 caput
1044 1989 1218 2052 incipiendum
1240 1999 1316 2054 poto.

216 2054 388 2116 Progreditur
407 2056 475 2103 enim
491 2055 524 2104 ad
543 2054 616 2114 illud,
626 2055 693 2119 qnod
706 2055 793 2117 plures
804 2063 830 2102 et
843 2068 953 2104 summas
966 2053 1105 2115 dignitates
1117 2055 1192 2103 simul
1205 2054 1316 2117 adeptos

217 2119 430 2230 erapl'l'rajanusss
441 2120 539 2182 Gierig.
571 2121 644 2184 Mox,
656 2119 732 2169 codd.
743 2119 817 2168 Vatt.
826 2123 850 2168 1.
859 2123 883 2168 ὓ.
893 2123 917 2169 a.
927 2123 951 2169 4.
969 2120 1064 2168 Vener.
1077 2127 1105 2168 et
1115 2118 1227 2182 Gnelph.
1238 2125 1316 2169 tenua

217 2182 244 2232 ia
281 2187 366 2232 temer.
924 2207 926 2214 Α

249 2247 316 2295 Car.
327 2259 366 2296 rx.
383 2252 397 2296 1
409 2247 483 2297 Vatt.
495 2255 521 2296 et
532 2245 643 2309 Guelplr.
653 2248 714 2310 qaod
724 2261 770 2294 aon
779 2259 906 2300 meremor,
916 2245 1008 2296 omisso
1017 2247 1147 2306 rqisolam.
1170 2245 1237 2296 Edd.
1250 2252 1315 2297 vett.

215 2309 287 2358 etiosa
302 2311 325 2358 ai
335 2310 404 2366 aclis,
422 2311 446 2360 i.
466 2325 506 2368 ser
522 2325 569 2360 soa
580 2327 613 2366 es,
627 2312 652 2360 Ιι.
662 2326 683 2360 s.
694 2311 743 2360 nisi
752 2311 820 2358 aelia.
846 2308 930 2360 codd.
941 2312 1016 2359 Vatt.
1027 2311 1134 2360 Veneti.
1147 2311 1240 2360 Salisb.
1253 2309 1315 2362 edd.

215 2372 321 2424 Puteol.
345 2375 467 2424 Beroald.
486 2374 546 2424 Ald.
564 2375 670 2438 Caspio.
690 2375 834 2424 Philomus.
853 2373 935 2426 Livio.
953 2374 1106 2437 Cratander,
1124 2373 1242 2426 Siclrard.
1262 2375 1315 2424 Po·

214 2443 284 2487 teau.
294 2439 379 2488 Banu.
390 2440 504 2503 Berneg.
517 2439 633 2488 Petarol.
645 2439 727 2489 Geso.
739 2445 766 2487 et
778 2437 902 2488 Arntaen.
914 2439 1019 2488 etiarmi
1035 2441 1105 2503 nolis,
1117 2439 1142 2488 i.
1153 2445 1209 2497 est:
1224 2453 1269 2488 nea
1281 2444 1316 2488 est

214 2501 240 2553 r.
251 2517 271 2556 s.
282 2503 329 2553 aiei
339 2504 406 2553 celis·
429 2505 495 2555 Exc-
505 2504 581 2555 Voss.
594 2505 690 2569 priore,
701 2511 728 2554 et
739 2503 798 2554 cod.
809 2503 937 2553 Schware.
954 2505 1036 2554 altaro
1047 2504 1114 2566 loco,
1125 2505 1248 2553 omittunt
1259 2517 1314 2553 rer·

712 2647 820 2701 NO'l'AE

245 2752 259 2778 ¹
277 2743 420 2795 Ridaoieioe
438 2745 575 2810 potamio]
595 2747 662 2800 Quia
677 2747 745 2796 eninr
781 2747 860 2810 janna
871 2760 904 2794 ex
914 2745 1018 2812 antiqua
1029 2743 1110 2808 magis
1124 2742 1229 2799 familia,
1239 2757 1314 2807 qnam

212 2833 311 2870 summa
322 2829 380 2870 erat
391 2822 551 2888 tribunorum
564 2822 646 2884 plebis
658 2830 745 2872 aucto·
786 2822 857 2870 clera
867 2820 962 2870 natus.'
994 2821 1030 2870 Et
1045 2819 1072 2868 io
1089 2817 1164 2869 fastis
1181 2818 1234 2882 ejus
1252 2824 1317 2866 tem·

213 2893 285 2948 ritas.
299 2894 439 2955 Angustos,
453 2903 482 2944 nt
493 2909 527 2943 ne
538 2895 649 2944 haberet
660 2896 744 2958 lrujoa-
785 2896 856 2960 poris
869 2897 902 2946 de
913 2897 1025 2959 Trojano
1041 2904 1115 2960 patre
1133 2896 1202 2944 nulla
1217 2893 1315 2943 mentio
1339 2933 1341 2936 .

214 2969 283 3019 modi
300 2969 483 3034 amulum,qui
500 2971 553 3019 suis
565 2969 634 3020 forte
652 2971 745 3033 coeptls
785 2979 835 3021 est.

213 3045 364 3102 obsisteret,
375 3045 442 3094 lranc
461 3045 614 3110 dignitatem
632 3047 745 3097 omnium
817 3044 829 3079 l
850 3045 1010 3110 Triumphali]
1026 3046 1119 3096 Utrum
1133 3051 1192 3109 post
1209 3043 1316 3107 expedi·

212 3123 312 3184 primns
322 3121 464 3184 usurpavit,
482 3129 509 3170 et
528 3128 680 3184 perpetuam
697 3121 746 3170 sibi
788 3121 883 3170 tionem
894 3121 1040 3182 iudaicam,
1055 3122 1109 3179 ubi,
1121 3121 1142 3169 si
1158 3120 1275 3184 Joseplro
1286 3119 1316 3170 ti·

213 3195 287 3264 iecit,
299 3203 378 3260 atque
390 3197 423 3246 alr
433 3211 465 3247 eo
476 3198 558 3248 ceteri
568 3198 691 3261 deinceps
700 3197 746 3248 inr-
786 3195 834 3244 des
845 3203 895 3258 est,
905 3195 1012 3247 decima
1022 3196 1115 3260 legioni
1125 3193 1265 3260 praefectus
1274 3209 1317 3244 ur-

215 3278 360 3334 peratores.
786 3271 846 3321 bern
857 3271 965 3336 Iepham
978 3279 1006 3324 et
1018 3272 1169 3336 lotapatam
1186 3287 1317 3336 expugna·

245 3353 257 3388 r
275 3346 368 3394 Parere
386 3345 467 3410 om]
496 3347 672 3410 Vespasianus
690 3347 747 3398 Titi
787 3346 842 3396 rit?
859 3347 901 3397 An
913 3349 982 3412 apud
998 3349 1120 3409 Parthos,
1138 3348 1186 3397 sub
1201 3349 1319 3411 Nerone,

212 3435 265 3470 non
277 3420 567 3486 adoptione,scdrerus
579 3438 682 3487 pareus.
715 3424 747 3474 Is
786 3423 853 3473 duce
871 3424 1031 3481 Corbulone,
1053 3424 1126 3488 cujus
1144 3424 1315 3487 expeditionis

213 3498 314 3548 clim
323 3496 418 3561 filiam]
442 3498 475 3548 Id
493 3505 543 3555 cst,
553 3499 649 3561 Titum,
667 3513 743 3563 quern
784 3499 882 3548 socium
898 3497 980 3550 filinrn
990 3499 1109 3552 duxerat.
1144 3503 1247 3566 Dequo
1263 3499 1318 3548 Pli-

212 3573 336 3636 trinnrplri
354 3575 461 3635 socium,
481 3588 625 3638 censorem,
636 3573 745 3624 tribuni·
785 3573 842 3622 nine
854 3572 921 3624 infre
932 3589 991 3639 cap.
1002 3571 1078 3626 xrr.'
1088 3579 1096 3604 ‘
1108 3578 1175 3626 Cum
1189 3589 1255 3640 puer
1272 3575 1317 3624 ad·

213 3650 261 3698 ciae
273 3648 412 3712 potestatis
420 3653 575 3711 consortem,
582 3649 708 3712 collegam
718 3649 744 3698 in
785 3649 888 3699 modurn
900 3651 1024 3701 Parthica
1035 3653 1107 3702 lauro
1118 3652 1224 3716 gloriam
1237 3651 1318 3715 petris

213 3725 347 3774 consulatu
367 3722 440 3782 iecit,
460 3725 531 3774 nulla
547 3738 657 3790 prorsus
681 3723 744 3774 rati·
786 3724 915 3788 augeres?

213 3814 262 3850 one
284 3801 370 3851 habita
391 3799 538 3850 Domitiani
561 3801 668 3852 alterius
689 3799 744 3850 filii.
818 3800 902 3848 cNon
923 3799 952 3850 ab
972 3801 1089 3865 exemto]
1115 3801 1166 3853 Qui
1188 3797 1267 3850 facile
1289 3799 1318 3850 iu

212 3875 282 3924 Plio.
293 3878 319 3926 iu
331 3873 415 3924 Proef.
427 3874 496 3924 Hist.
508 3876 572 3926 Nat.
785 3874 868 3937 prirno
880 3875 996 3926 victoria
1015 3877 1114 3940 impetn
1134 3875 1318 3939 inducebatur,

245 3949 565 4016 ‘PatriciaetcoaaaicriJ
583 3951 636 4002 Vir
654 3951 744 4002 crede·
785 3957 815 3998 ut
827 3965 890 4013 qnos
908 3950 1021 4000 habebat
1038 3953 1127 4013 duces,
1145 3951 1315 4015 imperatores

214 4035 279 4085 rem,
297 4026 347 4076 nisi
364 4027 413 4076 lroc
433 4026 516 4090 iprum
536 4027 631 4078 iterum
644 4027 745 4078 Plinius
784 4027 969 4083 consalutaret,
981 4025 1196 4090 quemadmodum
1212 4025 1320 4086 Gallia,

213 4096 292 4161 inire,
303 4107 330 4149 et
346 4102 438 4151 Victor
455 4101 560 4151 disertis
579 4099 663 4152 verbis
677 4098 746 4150 affir·
785 4101 893 4168 Otlroni,
904 4102 1022 4162 Vitellio,
1034 4110 1061 4155 et
1079 4104 1240 4169 Vespasiano
1255 4117 1317 4154 con·

214 4181 330 4236 mareau
351 4173 745 4244 namsiEutropiotides,‘Tra'-
786 4177 858 4242 tigit.
