3112 4852
248 383 313 450 210
618 399 650 445 c.
676 397 797 444 rurum
822 395 989 446 securior

249 538 433 603 deliciunt!l
474 540 506 604 5.
529 537 621 604 Emit
637 536 763 615 iiscus,J
780 537 940 620 quiequid
955 533 1250 602 videturemere:k
1272 538 1349 604 iude

248 641 371 722 copies,
383 640 461 706 inde
476 659 617 715 annona,
639 638 680 703 de
697 658 767 721 que
781 640 866 702 inter
880 638 1034 702 licentem
1047 633 1055 672 ¹
1081 637 1348 722 vendentemque

248 743 467 820 conveniam·
489 725 564 804 inde
577 741 631 804 bic
648 743 801 814 satietas,
819 759 882 802 nec
895 740 1002 803 sames
1020 757 1176 822 usquam.

292 841 382 907 Gne.
400 827 506 906 xxx.
548 842 579 904 1.
604 841 772 923 AEgyptus
784 847 805 874 ¹²¹
824 840 953 904 alendis
969 839 1200 922 augendisque
1217 839 1351 916 semiui-

248 943 313 1006 bus
327 945 378 1007 ita
397 944 538 1026 gloriata
561 949 623 1021 est,
640 949 676 1005 ut
698 941 786 1004 nihil·
803 941 965 1018 imbribus
986 940 1165 1023 coeloque¹¹
1191 938 1350 1002 deberet:

250 1045 415 1126 siquidem
431 1045 568 1128 proprio
591 1062 722 1125 semper
745 1049 865 1132 amne⁰
887 1041 1035 1125 perfuse,
1056 1059 1118 1104 nec
1142 1040 1210 1103 elio
1232 1059 1351 1122 genere

250 1164 409 1227 equorum
433 1145 533 1209 solita
558 1146 785 1226 pinguescere,
813 1161 915 1224 quem
943 1163 1027 1227 ques
1055 1143 1131 1224 ipse
1158 1140 1351 1219 devexerat,

250 1247 349 1310 tantis
381 1247 552 1338 segetibus
577 1245 807 1321 induebatur,p
828 1250 866 1308 ut
893 1263 969 1309 cum
996 1242 1214 1334 feracissimis
1242 1243 1351 1316 terris,

278 1422 294 1501 ᾖ
311 1426 363 1501 lieo
373 1440 485 1474 novorum
498 1425 653 1488 uectigalium
670 1426 793 1475 exustione
807 1426 889 1474 oesots'
905 1427 1008 1488 impares
1018 1429 1075 1474 runt
1093 1422 1225 1487 pendendis
1234 1422 1353 1472 veteribus

249 1488 429 1614 m‘bulltz'cqius
437 1553 515 1617 pretio
526 1553 592 1602 ister
602 1559 713 1603 unionem
723 1553 993 1615 uenditoremqscfooiie
1003 1552 1135 1601 conveniat.

741 1710 830 1731 uun
833 1710 891 1730 lm

251 1823 325 1879 Mox,
342 1821 409 1870 nocis
427 1823 583 1872 deditionibus
601 1824 659 1873 cod.
678 1824 823 1875 Putem-o
841 1823 908 1874 Sistit
928 1824 1009 1888 fimus,
1028 1823 1138 1886 quicquid
1155 1823 1259 1884 oideim,
1278 1837 1353 1872 emere

251 1887 313 1935 Vct.
325 1891 350 1935 4.
377 1886 442 1935 Sirrit
452 1887 538 1951 fiscus,
551 1889 660 1952 quicquid
677 1888 755 1938 cidere
772 1905 846 1939 onere
858 1890 972 1952 Guelplr.
983 1898 1010 1938 et
1024 1888 1093 1937 Gud.
1104 1892 1132 1937 2.
1143 1887 1211 1935 nude
1222 1887 1353 1936 Scbwcrz.

251 1952 321 2014 conj.
339 1949 406 2000 stau
417 1951 504 2016 fiscus,
515 1953 627 2015 quicquid
638 1953 753 2002 videture
764 1969 800 2016 rc,
811 1969 895 2003 emere.
930 1953 1001 2008 Mox,
1013 1953 1069 2001 inde
1077 1951 1144 2012 cupio
1156 1952 1214 2000 cod.
1227 1951 1320 2000 Pater.

284 2017 352 2065 Cst’.
365 2027 434 2064 xxx.
469 2021 481 2064 l
497 2017 562 2066 Cod.
574 2017 667 2065 Sulisb.
681 2032 727 2079 pro
738 2019 863 2080 sugendis,
875 2015 953 2065 bsbet
964 2017 1072 2079 agendis.
1099 2015 1210 2063 Bebrius
1222 2015 1355 2078 conjecta·

251 2078 307 2139 bet,
320 2079 496 2138 fecundandis.
522 2079 628 2142 Ἥκω]
645 2082 776 2144 Corrupto
796 2082 910 2130 editione
931 2095 990 2129 usns
1009 2080 1059 2128 fuit
1075 2079 1171 2139 Faber,
1188 2083 1213 2127 in
1228 2094 1278 2141 qun
1288 2094 1355 2127 omne
1371 2079 1379 2088 “

251 2141 397 2203 legebatur,
407 2153 478 2192 recte
488 2151 575 2193 tumen
585 2144 790 2208 etSteplreniumr
801 2160 832 2193 ex
844 2160 889 2193 suo
900 2146 989 2193 codiee
999 2144 1118 2193 restituit
1128 2158 1204 2191 omne.
1215 2142 1354 2204 Conienp.

252 2219 331 2266 pree.
339 2215 406 2268 seor.
417 2206 450 2255 a!
459 2207 546 2255 Arntz.
579 2207 651 2270 ‘lpus
661 2209 800 2271 devexerut]
811 2210 854 2259 Its
864 2210 939 2260 Voss.
948 2206 1061 2270 Guelpb.
1074 2215 1100 2255 et
1112 2221 1200 2255 omnes
1212 2203 1268 2256 fere
1280 2206 1355 2255 editi.

251 2269 368 2317 Diffiterl
381 2269 484 2319 interim
501 2271 589 2333 nolim,
601 2272 704 2320 minime
716 2287 756 2320 sne
770 2283 944 2332 contemnere,
963 2272 1029 2337 quod
1050 2271 1123 2319 dedit
1139 2271 1241 2334 Lipsius
1253 2271 1314 2334 ipen,
1326 2277 1355 2319 ut

251 2333 354 2382 seilicet
370 2333 507 2398 AEgyptur,
523 2335 548 2382 in
566 2336 640 2396 cnjus
655 2335 733 2385 solius
749 2337 825 2385 leude
841 2344 969 2396 versetur,
989 2336 1084 2384 debeat
1100 2333 1250 2383 subundiri.¹
1276 2336 1354 2384 idern.

253 2397 414 2461 Bernegger,
431 2405 459 2446 et
471 2399 541 2447 Cera
552 2399 631 2447 etiarn
642 2400 694 2461 ipsu
701 2417 710 2458 ,·
728 2407 801 2449 'meo
812 2400 915 2464 quidem
924 2399 1025 2463 jndicio
1037 2400 1098 2448 sutis
1109 2399 1184 2448 bene.
1218 2399 1282 2447 Cum
1295 2399 1355 2447 reli·

253 2475 311 2526 quae
324 2474 383 2511 vero
401 2461 461 2512 edd.
474 2477 612 2526 omnesque
631 2464 707 2513 eodd.
726 2465 818 2528 scripti
834 2465 973 2515 exhiberint
990 2478 1130 2527 pronomen
1145 2463 1205 2526 ipse,
1215 2477 1251 2512 sc.
1263 2463 1355 2518 omnis.

749 2610 857 2690 nors

253 2720 330 2770 riom.
362 2724 386 2768 t.
404 2719 529 2783 Indibile,
548 2735 641 2770 novum
654 2729 682 2772 et
693 2736 783 2786 super·
825 2730 853 2772 et
865 2721 1035 2772 Palaestinam
1046 2719 1187 2783 pertinens.
1211 2715 1355 2766 Abundans

253 2796 389 2848 indictum.
434 2796 548 2848 Bndaeus
571 2797 597 2846 in
625 2795 723 2847 Annot.
751 2799 784 2848 od
826 2801 940 2862 pascuis,
950 2792 1356 2857 frumentiirrigunrqueieracis-

252 2867 383 2916 Psndeet.
407 2867 768 2934 AsconiusinVerrinsnrrv.
825 2876 899 2922 simo.
933 2875 974 2922 De
986 2873 1043 2935 ejus
1054 2869 1191 2919 fertilitate
1206 2868 1266 2918 side
1276 2868 1355 2917 Luor.

256 2987 261 2996 ,
284 2943 294 2985 J
309 2942 408 3004 Fiscus]
426 2944 551 2992 AErsriuru
565 2946 697 3008 principis.
825 2947 870 2996 lib.
883 2960 911 2996 x.
929 2949 1046 2996 solinum
1064 2947 1091 2996 iu
1108 2946 1290 3006 collectaneis,
1302 2945 1358 2992 An-

285 3016 299 3051 ¹
320 3017 422 3065 Videtur
432 3017 520 3080 emere]
538 3019 600 3068 Non
619 3019 649 3069 rit
667 3020 785 3084 improbe
825 3031 911 3071 urenm
933 3023 1058 3072 Senecam
1077 3023 1104 3070 in
1124 3023 1227 3073 Quesr.
1243 3021 1308 3070 Nat.
1326 3026 1358 3070 et

254 3093 341 3143 callidi
368 3093 548 3155 imperotores,
584 3095 627 3159 qui
655 3095 784 3146 interdum
824 3096 1138 3161 StrobinGeogrsphis.

254 3167 357 3218 emendi
377 3168 476 3232 specie,
497 3169 582 3218 eliens
603 3184 650 3235 per
673 3173 722 3221 sim
743 3188 785 3222 re·
857 3181 870 3207 ⁰
888 3174 1008 3238 Cetoque]
1024 3176 1122 3236 Quere,
1135 3174 1291 3223 ut'l'ibnllus
1308 3175 1355 3230 eit,

253 3245 338 3308 piont.
363 3242 488 3307 Trnjnnus
499 3251 586 3294 sutem
599 3247 704 3297 emebat
715 3261 785 3307 rere,
826 3263 847 3298 r.
859 3253 885 3300 7.
901 3263 953 3298 uon
964 3250 1017 3298 illie
1033 3249 1041 3274 ‘
1054 3249 1141 3311 pluvio
1154 3249 1286 3312 supplicat
1297 3250 1355 3297 ber-

254 3319 377 3384 quioqnid
389 3334 476 3368 emere
487 3320 632 3371 ridebatur.
652 3363 654 3366 .
825 3323 859 3374 bn
869 3323 950 3375 Jori!

289 3392 442 3455 micantem]
459 3393 491 3442 ld
508 3400 557 3450 est,
570 3402 708 3446 ementem.
743 3397 785 3446 Li·
857 3408 869 3432 ⁰
887 3393 1111 3466 Proprioessomrse]
1129 3399 1207 3459 Nilo;
1224 3398 1266 3462 qni
1285 3400 1355 3447 ‘rel-

254 3469 308 3520 cerl
321 3477 408 3518 tamen
423 3475 450 3517 et
460 3469 554 3518 liciteri
567 3471 784 3534 propriedicitur,
827 3473 865 3522 uti
881 3474 965 3522 coloni
983 3476 1040 3524 vice
1052 3472 1178 3536 fungens'
1195 3472 1227 3520 od
1247 3471 1356 3522 ubereu-

255 3542 298 3606 qui
309 3543 335 3590 in
348 3544 467 3592 suctione
486 3559 540 3594 rem
560 3559 663 3595 vaeunm
681 3549 784 3609 exposi·
826 3549 871 3598 dos
882 3563 957 3611 agros
967 3555 975 3578 ‘
985 3552 1088 3612 erogari
1099 3549 1190 3611 incipit
1200 3564 1215 3596 s
1226 3548 1356 3598 solstitio!

255 3625 308 3667 tem
329 3619 386 3681 plns
405 3616 538 3668 offerendo
555 3618 659 3669 auferre
678 3627 785 3671 conten·
825 3623 895 3672 Piin.
908 3635 993 3672 xvrrr.
1006 3628 1045 3673 18.
1062 3625 1115 3673 ‘Et
1125 3639 1182 3672 cnm
1195 3629 1250 3671 tots
1263 3629 1355 3672 aestote

255 3695 308 3757 dit;
325 3695 346 3742 is
366 3695 525 3744 licitatorem
538 3697 657 3758 opponit,
670 3697 712 3759 qui
725 3696 785 3746 sub·
826 3699 899 3762 equis
919 3697 969 3747 suis
982 3697 1120 3762 AEgypturn
1134 3699 1252 3747 obrutum
1264 3699 1355 3761 opple·

254 3778 331 3820 ornst
353 3769 464 3834 aliquem
485 3771 530 3833 qni
552 3784 580 3819 se
603 3771 669 3820 vello
698 3785 784 3822 emere
825 3780 931 3836 tamque
941 3773 1096 3836 tennit,turn
1109 3772 1221 3835 recedit,
1232 3773 1359 3828 mollitos,

255 3847 370 3907 simulet,
392 3851 419 3894 et
438 3845 519 3908 pluris
541 3845 660 3909 licentur,
678 3860 710 3896 es
726 3861 785 3912 quie
825 3863 876 3913 que
888 3856 916 3898 ot
926 3849 1063 3898 oblimatos
1080 3863 1156 3912 agros
1170 3847 1353 3898 adserendum

255 3934 357 3970 saenum
374 3920 494 3984 exposita
512 3926 581 3984 sunt,
601 3936 677 3985 quem
696 3923 785 3986 quenti
825 3923 967 3987 relinquit,'
984 3924 1039 3974 Cio.
1057 3924 1091 3972 de
1109 3924 1173 3974 Nat.
1184 3925 1265 3973 Deor.
1277 3923 1323 3972 lib.
1335 3939 1355 3974 r.

254 4003 330 4054 suut;
348 4002 376 4044 ut
389 3993 508 4044 eomodo
520 3996 604 4043 ceteri
622 4002 733 4046 emtores
746 3996 784 4045 in·
824 3997 867 4048 Ad
885 4012 1009 4046 summanr
1021 3998 1168 4048 ubertatem
1180 3997 1354 4048 inducendum

255 4073 393 4120 ducentur.
824 4087 909 4138 neque
920 4074 1003 4121 minus
1021 4077 1061 4123 12.
1081 4073 1187 4134 cubitis,
1198 4087 1284 4137 neque
1295 4073 1355 4135 plus

288 4153 305 4177 Ν
321 4143 452 4209 AEgyptss]
464 4145 549 4208 Regio
561 4143 660 4195 Africis
677 4146 709 4195 sd
719 4146 784 4210 Sye·
825 4152 865 4198 16.
876 4147 1008 4196 excudere
1019 4148 1107 4200 debet.
1139 4150 1209 4198 Plin.
1222 4161 1304 4197 xvrrr.
1315 4151 1354 4196 18.

255 4233 306 4268 nen
317 4225 345 4269 et
356 4221 521 4286 lEtbiopinnr,
533 4221 595 4273 iude
609 4222 641 4272 sd
660 4220 783 4273 Arubium
856 4231 869 4267 ν
885 4223 1041 4290 induebatur]
1060 4224 1123 4276 Olet
1138 4223 1269 4289 poiticnm
1281 4221 1355 4289 quid·
