<?xml version="1.0" encoding="UTF-8"?>
<!DOCTYPE html PUBLIC "-//W3C//DTD XHTML 1.0 Transitional//EN"
    "http://www.w3.org/TR/xhtml1/DTD/xhtml1-transitional.dtd">
<html xmlns="http://www.w3.org/1999/xhtml" xml:lang="en" lang="en">
 <head>
  <title>
</title>
<meta http-equiv="Content-Type" content="text/html;charset=utf-8" />
  <meta name='ocr-system' content='tesseract 3.04.00' />
  <meta name='ocr-capabilities' content='ocr_page ocr_carea ocr_par ocr_line ocrx_word'/>
</head>
<body>
  <div class='ocr_page' id='page_1' title='image "./panegyriciveter02baungoog_0071.png"; bbox 0 0 3022 4852; ppageno 0'>
   <div class='ocr_carea' id='block_1_1' title="bbox 233 345 1064 411">
    <p class='ocr_par' dir='ltr' id='par_1_1' title="bbox 233 345 1064 411">
     <span class='ocr_line' id='line_1_1' title="bbox 233 345 1064 411; baseline -0.004 0"><span class='ocrx_word' id='word_1_1' title='bbox 233 345 277 411; x_wconf 71' lang='lat'><strong>62</strong></span> <span class='ocrx_word' id='word_1_2' title='bbox 506 361 538 410; x_wconf 91' lang='lat' dir='ltr'><strong>o.</strong></span> <span class='ocrx_word' id='word_1_3' title='bbox 563 359 681 408; x_wconf 81' lang='lat' dir='ltr'><strong>norun</strong></span> <span class='ocrx_word' id='word_1_4' title='bbox 707 357 857 408; x_wconf 75' lang='lat' dir='ltr'><strong>oacrnrr</strong></span> <span class='ocrx_word' id='word_1_5' title='bbox 882 359 1064 410; x_wconf 79' lang='lat' dir='ltr'><strong>sacuam·</strong></span> 
     </span>
    </p>
   </div>
   <div class='ocr_carea' id='block_1_2' title="bbox 232 501 1329 1193">
    <p class='ocr_par' dir='ltr' id='par_1_2' title="bbox 232 501 1329 1193">
     <span class='ocr_line' id='line_1_2' title="bbox 277 501 1328 568; baseline -0.003 0"><span class='ocrx_word' id='word_1_6' title='bbox 277 503 430 568; x_wconf 85' lang='lat' dir='ltr'><strong>Ceterum</strong></span> <span class='ocrx_word' id='word_1_7' title='bbox 454 502 566 567; x_wconf 85' lang='lat' dir='ltr'><strong>Plinio</strong></span> <span class='ocrx_word' id='word_1_8' title='bbox 587 504 753 568; x_wconf 81' lang='lat' dir='ltr'><strong>tribunatu</strong></span> <span class='ocrx_word' id='word_1_9' title='bbox 776 501 918 566; x_wconf 87' lang='lat' dir='ltr'><strong>militum</strong></span> <span class='ocrx_word' id='word_1_10' title='bbox 949 503 1065 568; x_wconf 84' lang='lat' dir='ltr'><strong>iuncto</strong></span> <span class='ocrx_word' id='word_1_11' title='bbox 1095 502 1233 566; x_wconf 87' lang='lat' dir='ltr'><strong>alteram</strong></span> <span class='ocrx_word' id='word_1_12' title='bbox 1260 516 1328 566; x_wconf 90' lang='lat' dir='ltr'><strong>non</strong></span> 
     </span>
     <span class='ocr_line' id='line_1_3' title="bbox 234 603 1329 686; baseline -0.001 -17"><span class='ocrx_word' id='word_1_13' title='bbox 234 606 446 686; x_wconf 72' lang='lat' dir='ltr'>assignamus</span> <span class='ocrx_word' id='word_1_14' title='bbox 461 603 631 683; x_wconf 87' lang='lat' dir='ltr'><strong>militiam;</strong></span> <span class='ocrx_word' id='word_1_15' title='bbox 653 604 744 686; x_wconf 91' lang='lat' dir='ltr'><strong>quod</strong></span> <span class='ocrx_word' id='word_1_16' title='bbox 761 604 886 668; x_wconf 88' lang='lat' dir='ltr'><strong>nullam</strong></span> <span class='ocrx_word' id='word_1_17' title='bbox 902 610 1064 686; x_wconf 76' lang='lat' dir='ltr'><strong>praeterea</strong></span> <span class='ocrx_word' id='word_1_18' title='bbox 1077 603 1242 686; x_wconf 85' lang='lat' dir='ltr'><strong>legamns3</strong></span> <span class='ocrx_word' id='word_1_19' title='bbox 1265 621 1329 668; x_wconf 87' lang='lat' dir='ltr'><strong>neo</strong></span> 
     </span>
     <span class='ocr_line' id='line_1_4' title="bbox 233 703 1329 788; baseline -0.001 -19"><span class='ocrx_word' id='word_1_20' title='bbox 233 707 371 770; x_wconf 87' lang='lat' dir='ltr'><strong>istorum</strong></span> <span class='ocrx_word' id='word_1_21' title='bbox 394 713 579 788; x_wconf 89' lang='lat' dir='ltr'><strong>temporum</strong></span> <span class='ocrx_word' id='word_1_22' title='bbox 599 723 674 768; x_wconf 85' lang='lat' dir='ltr'><strong>mos</strong></span> <span class='ocrx_word' id='word_1_23' title='bbox 695 703 804 780; x_wconf 82' lang='lat' dir='ltr'><strong>suerit,</strong></span> <span class='ocrx_word' id='word_1_24' title='bbox 822 710 859 767; x_wconf 88' lang='lat' dir='ltr'><strong>ut</strong></span> <span class='ocrx_word' id='word_1_25' title='bbox 880 703 1011 766; x_wconf 87' lang='lat' dir='ltr'><strong>nobiles</strong></span> <span class='ocrx_word' id='word_1_26' title='bbox 1025 703 1268 780; x_wconf 85' lang='lat' dir='ltr'><strong>adolescentes,</strong></span> <span class='ocrx_word' id='word_1_27' title='bbox 1285 705 1329 768; x_wconf 85' lang='lat' dir='ltr'><strong>ad</strong></span> 
     </span>
     <span class='ocr_line' id='line_1_5' title="bbox 232 803 1329 886; baseline -0.003 -15"><span class='ocrx_word' id='word_1_28' title='bbox 232 808 419 871; x_wconf 87' lang='lat' dir='ltr'><strong>senatorios</strong></span> <span class='ocrx_word' id='word_1_29' title='bbox 433 806 647 886; x_wconf 72' lang='lat' dir='ltr'><strong>magistratus</strong></span> <span class='ocrx_word' id='word_1_30' title='bbox 661 803 857 882; x_wconf 84' lang='lat' dir='ltr'><strong>militantes,</strong></span> <span class='ocrx_word' id='word_1_31' title='bbox 868 805 960 868; x_wconf 88' lang='lat' dir='ltr'><strong>varia</strong></span> <span class='ocrx_word' id='word_1_32' title='bbox 970 804 1138 885; x_wconf 89' lang='lat' dir='ltr'><strong>stipendia</strong></span> <span class='ocrx_word' id='word_1_33' title='bbox 1152 812 1329 882; x_wconf 88' lang='lat' dir='ltr'><strong>mererent,</strong></span> 
     </span>
     <span class='ocr_line' id='line_1_6' title="bbox 232 904 1328 988; baseline -0.005 -16"><span class='ocrx_word' id='word_1_34' title='bbox 232 915 343 972; x_wconf 89' lang='lat' dir='ltr'><strong>tresve</strong></span> <span class='ocrx_word' id='word_1_35' title='bbox 358 906 486 971; x_wconf 81' lang='lat' dir='ltr'><strong>militiae</strong></span> <span class='ocrx_word' id='word_1_36' title='bbox 509 905 632 986; x_wconf 83' lang='lat' dir='ltr'><strong>gradus</strong></span> <span class='ocrx_word' id='word_1_37' title='bbox 650 909 887 987; x_wconf 80' lang='lat' dir='ltr'><strong>percurrerent,</strong></span> <span class='ocrx_word' id='word_1_38' title='bbox 903 905 976 968; x_wconf 89' lang='lat' dir='ltr'><strong>scil.</strong></span> <span class='ocrx_word' id='word_1_39' title='bbox 991 906 1132 988; x_wconf 88' lang='lat' dir='ltr'><strong>primum</strong></span> <span class='ocrx_word' id='word_1_40' title='bbox 1148 904 1328 981; x_wconf 90' lang='lat' dir='ltr'><strong>cohortem,</strong></span> 
     </span>
     <span class='ocr_line' id='line_1_7' title="bbox 232 1005 1329 1086; baseline -0.005 -13"><span class='ocrx_word' id='word_1_41' title='bbox 232 1009 355 1073; x_wconf 90' lang='lat' dir='ltr'><strong>deinde</strong></span> <span class='ocrx_word' id='word_1_42' title='bbox 371 1007 472 1082; x_wconf 86' lang='lat' dir='ltr'><strong>ulam,</strong></span> <span class='ocrx_word' id='word_1_43' title='bbox 494 1006 629 1068; x_wconf 91' lang='lat' dir='ltr'><strong>tandem</strong></span> <span class='ocrx_word' id='word_1_44' title='bbox 654 1005 854 1069; x_wconf 86' lang='lat' dir='ltr'><strong>tribunatum</strong></span> <span class='ocrx_word' id='word_1_45' title='bbox 877 1007 1019 1086; x_wconf 81' lang='lat' dir='ltr'><strong>legionis</strong></span> <span class='ocrx_word' id='word_1_46' title='bbox 1040 1006 1209 1081; x_wconf 86' lang='lat' dir='ltr'><strong>haberent,</strong></span> <span class='ocrx_word' id='word_1_47' title='bbox 1233 1006 1329 1086; x_wconf 86' lang='lat' dir='ltr'><strong>quio-</strong></span> 
     </span>
     <span class='ocr_line' id='line_1_8' title="bbox 232 1091 1329 1193; baseline -0.004 -20"><span class='ocrx_word' id='word_1_48' title='bbox 232 1109 314 1193; x_wconf 86' lang='lat' dir='ltr'><strong>quid</strong></span> <span class='ocrx_word' id='word_1_49' title='bbox 330 1110 455 1172; x_wconf 87' lang='lat' dir='ltr'><strong>soribat</strong></span> <span class='ocrx_word' id='word_1_50' title='bbox 479 1110 521 1171; x_wconf 89' lang='lat' dir='ltr'><strong>cl.</strong></span> <span class='ocrx_word' id='word_1_51' title='bbox 538 1091 586 1169; x_wconf 88' lang='grc' dir='ltr'><strong>Η.</strong></span> <span class='ocrx_word' id='word_1_52' title='bbox 607 1104 695 1185; x_wconf 82' lang='lat' dir='ltr'><strong>D.;¹²</strong></span> <span class='ocrx_word' id='word_1_53' title='bbox 717 1107 813 1189; x_wconf 88' lang='lat' dir='ltr'><strong>cujus</strong></span> <span class='ocrx_word' id='word_1_54' title='bbox 835 1107 1040 1189; x_wconf 84' lang='lat' dir='ltr'><strong>multiplices</strong></span> <span class='ocrx_word' id='word_1_55' title='bbox 1059 1105 1122 1170; x_wconf 87' lang='lat' dir='ltr'><strong>hnc</strong></span> <span class='ocrx_word' id='word_1_56' title='bbox 1138 1105 1181 1169; x_wconf 88' lang='lat' dir='ltr'><strong>de</strong></span> <span class='ocrx_word' id='word_1_57' title='bbox 1202 1113 1237 1170; x_wconf 87' lang='lat' dir='ltr'><strong>&#39;re</strong></span> <span class='ocrx_word' id='word_1_58' title='bbox 1258 1105 1329 1170; x_wconf 88' lang='lat' dir='ltr'><strong>hal-</strong></span> 
     </span>
    </p>
   </div>
   <div class='ocr_carea' id='block_1_3' title="bbox 230 1207 1329 1997">
    <p class='ocr_par' dir='ltr' id='par_1_3' title="bbox 230 1207 1329 1997">
     <span class='ocr_line' id='line_1_9' title="bbox 231 1207 1329 1289; baseline -0.003 -16"><span class='ocrx_word' id='word_1_59' title='bbox 231 1210 459 1285; x_wconf 88' lang='lat' dir='ltr'><strong>lucinatioaes,</strong></span> <span class='ocrx_word' id='word_1_60' title='bbox 488 1213 524 1270; x_wconf 92' lang='lat' dir='ltr'><strong>nt</strong></span> <span class='ocrx_word' id='word_1_61' title='bbox 546 1207 680 1289; x_wconf 86' lang='lat' dir='ltr'><strong>prolixe</strong></span> <span class='ocrx_word' id='word_1_62' title='bbox 695 1207 916 1285; x_wconf 79' lang='lat' dir='ltr'><strong>confutemus,</strong></span> <span class='ocrx_word' id='word_1_63' title='bbox 932 1227 991 1288; x_wconf 89' lang='lat' dir='ltr'><strong>per</strong></span> <span class='ocrx_word' id='word_1_64' title='bbox 1006 1213 1154 1270; x_wconf 85' lang='lat' dir='ltr'><strong>nostrum</strong></span> <span class='ocrx_word' id='word_1_65' title='bbox 1170 1207 1329 1270; x_wconf 85' lang='lat' dir='ltr'><strong>nonlicet</strong></span> 
     </span>
     <span class='ocr_line' id='line_1_10' title="bbox 231 1305 1328 1392; baseline -0.003 -19"><span class='ocrx_word' id='word_1_66' title='bbox 231 1312 430 1373; x_wconf 88' lang='lat' dir='ltr'><strong>instltntum.</strong></span> <span class='ocrx_word' id='word_1_67' title='bbox 475 1308 624 1372; x_wconf 87' lang='lat' dir='ltr'><strong>Notatur</strong></span> <span class='ocrx_word' id='word_1_68' title='bbox 652 1309 753 1372; x_wconf 91' lang='lat' dir='ltr'><strong>modo</strong></span> <span class='ocrx_word' id='word_1_69' title='bbox 778 1308 871 1392; x_wconf 93' lang='lat' dir='ltr'><strong>quod</strong></span> <span class='ocrx_word' id='word_1_70' title='bbox 901 1309 1058 1390; x_wconf 86' lang='lat' dir='ltr'><strong>superius</strong></span> <span class='ocrx_word' id='word_1_71' title='bbox 1089 1308 1130 1370; x_wconf 91' lang='lat' dir='ltr'><strong>de</strong></span> <span class='ocrx_word' id='word_1_72' title='bbox 1160 1305 1328 1388; x_wconf 73' lang='lat' dir='ltr'><strong>Agricolae</strong></span> 
     </span>
     <span class='ocr_line' id='line_1_11' title="bbox 231 1406 1327 1491; baseline -0.003 -19"><span class='ocrx_word' id='word_1_73' title='bbox 231 1410 350 1482; x_wconf 89' lang='lat' dir='ltr'><strong>militia</strong></span> <span class='ocrx_word' id='word_1_74' title='bbox 377 1409 536 1484; x_wconf 85' lang='lat' dir='ltr'><strong>diximus,</strong></span> <span class='ocrx_word' id='word_1_75' title='bbox 563 1409 622 1491; x_wconf 91' lang='lat' dir='ltr'><strong>qui</strong></span> <span class='ocrx_word' id='word_1_76' title='bbox 653 1409 782 1490; x_wconf 89' lang='lat' dir='ltr'><strong>‘prima</strong></span> <span class='ocrx_word' id='word_1_77' title='bbox 810 1415 990 1474; x_wconf 85' lang='lat' dir='ltr'><strong>castrorum</strong></span> <span class='ocrx_word' id='word_1_78' title='bbox 1021 1406 1230 1484; x_wconf 84' lang='lat' dir='ltr'><strong>rudimenta‚’</strong></span> <span class='ocrx_word' id='word_1_79' title='bbox 1250 1425 1327 1471; x_wconf 90' lang='lat' dir='ltr'><strong>cum</strong></span> 
     </span>
     <span class='ocr_line' id='line_1_12' title="bbox 230 1507 1328 1584; baseline -0.003 -12"><span class='ocrx_word' id='word_1_80' title='bbox 230 1511 386 1573; x_wconf 88' lang='lat' dir='ltr'><strong>tribanus</strong></span> <span class='ocrx_word' id='word_1_81' title='bbox 402 1519 513 1574; x_wconf 86' lang='lat' dir='ltr'><strong>tamen</strong></span> <span class='ocrx_word' id='word_1_82' title='bbox 530 1516 629 1584; x_wconf 88' lang='lat' dir='ltr'><strong>esset,</strong></span> <span class='ocrx_word' id='word_1_83' title='bbox 645 1509 708 1570; x_wconf 88' lang='lat' dir='ltr'><strong>sub</strong></span> <span class='ocrx_word' id='word_1_84' title='bbox 726 1509 799 1571; x_wconf 88' lang='lat' dir='ltr'><strong>solo</strong></span> <span class='ocrx_word' id='word_1_85' title='bbox 814 1509 901 1573; x_wconf 91' lang='lat' dir='ltr'><strong>duce</strong></span> <span class='ocrx_word' id='word_1_86' title='bbox 924 1509 1088 1572; x_wconf 88' lang='lat' dir='ltr'><strong>Suetonio</strong></span> <span class='ocrx_word' id='word_1_87' title='bbox 1110 1508 1255 1572; x_wconf 89' lang='lat' dir='ltr'><strong>Paulino</strong></span> <span class='ocrx_word' id='word_1_88' title='bbox 1270 1507 1328 1570; x_wconf 87' lang='lat' dir='ltr'><strong>ha·</strong></span> 
     </span>
     <span class='ocr_line' id='line_1_13' title="bbox 230 1609 1328 1694; baseline -0.003 -20"><span class='ocrx_word' id='word_1_89' title='bbox 230 1614 318 1686; x_wconf 89' lang='lat' dir='ltr'><strong>buit,</strong></span> <span class='ocrx_word' id='word_1_90' title='bbox 334 1613 479 1694; x_wconf 86' lang='lat' dir='ltr'><strong>hincque</strong></span> <span class='ocrx_word' id='word_1_91' title='bbox 495 1610 654 1674; x_wconf 88' lang='lat' dir='ltr'><strong>continuo</strong></span> <span class='ocrx_word' id='word_1_92' title='bbox 677 1609 720 1671; x_wconf 87' lang='lat' dir='ltr'><strong>ad</strong></span> <span class='ocrx_word' id='word_1_93' title='bbox 742 1609 970 1691; x_wconf 87' lang='lat' dir='ltr'><strong>capessendos</strong></span> <span class='ocrx_word' id='word_1_94' title='bbox 989 1611 1216 1690; x_wconf 79' lang='lat' dir='ltr'><strong>magistratus,</strong></span> <span class='ocrx_word' id='word_1_95' title='bbox 1232 1627 1328 1671; x_wconf 64' lang='lat' dir='ltr'><strong>sarra-⁴</strong></span> 
     </span>
     <span class='ocr_line' id='line_1_14' title="bbox 230 1708 1327 1794; baseline -0.005 -19"><span class='ocrx_word' id='word_1_96' title='bbox 230 1713 335 1776; x_wconf 87' lang='lat' dir='ltr'><strong>turios</strong></span> <span class='ocrx_word' id='word_1_97' title='bbox 350 1732 481 1794; x_wconf 88' lang='lat' dir='ltr'><strong>nempe,</strong></span> <span class='ocrx_word' id='word_1_98' title='bbox 504 1712 536 1774; x_wconf 94' lang='lat' dir='ltr'><strong>in</strong></span> <span class='ocrx_word' id='word_1_99' title='bbox 555 1712 669 1775; x_wconf 87' lang='lat' dir='ltr'><strong>urbem</strong></span> <span class='ocrx_word' id='word_1_100' title='bbox 684 1711 863 1791; x_wconf 78' lang='lat' dir='ltr'><strong>digressas.</strong></span> <span class='ocrx_word' id='word_1_101' title='bbox 909 1711 1030 1794; x_wconf 87' lang='lat' dir='ltr'><strong>Neque</strong></span> <span class='ocrx_word' id='word_1_102' title='bbox 1044 1708 1198 1792; x_wconf 83' lang='lat' dir='ltr'><strong>proiecto</strong></span> <span class='ocrx_word' id='word_1_103' title='bbox 1211 1709 1327 1790; x_wconf 52' lang='lat' dir='ltr'><strong>Trajan</strong></span> 
     </span>
     <span class='ocr_line' id='line_1_15' title="bbox 230 1810 1328 1896; baseline -0.003 -21"><span class='ocrx_word' id='word_1_104' title='bbox 230 1832 293 1876; x_wconf 90' lang='lat' dir='ltr'><strong>nus</strong></span> <span class='ocrx_word' id='word_1_105' title='bbox 310 1813 500 1896; x_wconf 84' lang='lat' dir='ltr'><strong>perdecem</strong></span> <span class='ocrx_word' id='word_1_106' title='bbox 516 1832 578 1877; x_wconf 87' lang='lat' dir='ltr'><strong>sna</strong></span> <span class='ocrx_word' id='word_1_107' title='bbox 594 1812 762 1895; x_wconf 87' lang='lat' dir='ltr'><strong>stipendia</strong></span> <span class='ocrx_word' id='word_1_108' title='bbox 777 1811 879 1875; x_wconf 91' lang='lat' dir='ltr'><strong>alium</strong></span> <span class='ocrx_word' id='word_1_109' title='bbox 899 1813 1026 1875; x_wconf 81' lang='lat' dir='ltr'><strong>militiae</strong></span> <span class='ocrx_word' id='word_1_110' title='bbox 1043 1810 1178 1894; x_wconf 83' lang='lat' dir='ltr'><strong>gradum</strong></span> <span class='ocrx_word' id='word_1_111' title='bbox 1194 1820 1328 1894; x_wconf 87' lang='lat' dir='ltr'><strong>praeter·</strong></span> 
     </span>
     <span class='ocr_line' id='line_1_16' title="bbox 230 1913 977 1997; baseline -0.003 -21"><span class='ocrx_word' id='word_1_112' title='bbox 230 1933 328 1996; x_wconf 88' lang='lat' dir='ltr'><strong>quam</strong></span> <span class='ocrx_word' id='word_1_113' title='bbox 345 1916 546 1981; x_wconf 89' lang='lat' dir='ltr'><strong>tribunatum</strong></span> <span class='ocrx_word' id='word_1_114' title='bbox 562 1915 715 1990; x_wconf 87' lang='lat' dir='ltr'><strong>obtinuit,</strong></span> <span class='ocrx_word' id='word_1_115' title='bbox 730 1913 814 1977; x_wconf 90' lang='lat' dir='ltr'><strong>Pan.</strong></span> <span class='ocrx_word' id='word_1_116' title='bbox 831 1931 907 1997; x_wconf 88' lang='lat' dir='ltr'><strong>cap.</strong></span> <span class='ocrx_word' id='word_1_117' title='bbox 922 1915 977 1978; x_wconf 79' lang='lat'><strong>15.</strong></span> 
     </span>
    </p>
   </div>
   <div class='ocr_carea' id='block_1_4' title="bbox 459 2069 1099 2162">
    <p class='ocr_par' dir='ltr' id='par_1_4' title="bbox 459 2069 1099 2162">
     <span class='ocr_line' id='line_1_17' title="bbox 459 2069 1099 2162; baseline -0.006 -18"><span class='ocrx_word' id='word_1_118' title='bbox 459 2080 525 2144; x_wconf 85' lang='lat' dir='ltr'><strong>Aa.</strong></span> <span class='ocrx_word' id='word_1_119' title='bbox 548 2078 627 2144; x_wconf 83' lang='lat' dir='ltr'><strong>Chr.</strong></span> <span class='ocrx_word' id='word_1_120' title='bbox 653 2095 824 2142; x_wconf 81' lang='lat' dir='ltr'><strong>nxxxrv.</strong></span> <span class='ocrx_word' id='word_1_121' title='bbox 868 2069 934 2143; x_wconf 83' lang='lat' dir='ltr'><strong>Aa.</strong></span> <span class='ocrx_word' id='word_1_122' title='bbox 954 2081 1024 2144; x_wconf 87' lang='lat' dir='ltr'><strong>AEt.</strong></span> <span class='ocrx_word' id='word_1_123' title='bbox 1043 2083 1099 2162; x_wconf 57' lang='lat'><strong>493.</strong></span> 
     </span>
    </p>
   </div>
   <div class='ocr_carea' id='block_1_5' title="bbox 228 2211 1333 2700">
    <p class='ocr_par' dir='ltr' id='par_1_5' title="bbox 228 2211 1333 2700">
     <span class='ocr_line' id='line_1_18' title="bbox 273 2211 1326 2295; baseline -0.002 -19"><span class='ocrx_word' id='word_1_124' title='bbox 273 2213 358 2277; x_wconf 85' lang='lat' dir='ltr'><strong>Post</strong></span> <span class='ocrx_word' id='word_1_125' title='bbox 380 2214 473 2277; x_wconf 91' lang='lat' dir='ltr'><strong>illum</strong></span> <span class='ocrx_word' id='word_1_126' title='bbox 498 2211 613 2276; x_wconf 88' lang='lat' dir='ltr'><strong>Nostri</strong></span> <span class='ocrx_word' id='word_1_127' title='bbox 633 2233 652 2274; x_wconf 89' lang='lat' dir='ltr'><strong>e</strong></span> <span class='ocrx_word' id='word_1_128' title='bbox 673 2213 791 2276; x_wconf 87' lang='lat' dir='ltr'><strong>militia</strong></span> <span class='ocrx_word' id='word_1_129' title='bbox 815 2213 967 2289; x_wconf 86' lang='lat' dir='ltr'><strong>reditum,</strong></span> <span class='ocrx_word' id='word_1_130' title='bbox 987 2221 1090 2295; x_wconf 88' lang='lat' dir='ltr'><strong>atque</strong></span> <span class='ocrx_word' id='word_1_131' title='bbox 1112 2212 1154 2275; x_wconf 88' lang='lat' dir='ltr'><strong>ad</strong></span> <span class='ocrx_word' id='word_1_132' title='bbox 1172 2213 1256 2276; x_wconf 90' lang='lat' dir='ltr'><strong>hunc</strong></span> <span class='ocrx_word' id='word_1_133' title='bbox 1272 2231 1326 2275; x_wconf 91' lang='lat' dir='ltr'><strong>an.</strong></span> 
     </span>
     <span class='ocr_line' id='line_1_19' title="bbox 229 2314 1327 2397; baseline -0.004 -17"><span class='ocrx_word' id='word_1_134' title='bbox 229 2316 284 2380; x_wconf 80' lang='lat' dir='ltr'><strong>vel</strong></span> <span class='ocrx_word' id='word_1_135' title='bbox 308 2317 562 2397; x_wconf 85' lang='lat' dir='ltr'><strong>subsequentes,</strong></span> <span class='ocrx_word' id='word_1_136' title='bbox 583 2314 792 2377; x_wconf 87' lang='lat' dir='ltr'><strong>referendum</strong></span> <span class='ocrx_word' id='word_1_137' title='bbox 809 2315 899 2396; x_wconf 90' lang='lat' dir='ltr'><strong>quod</strong></span> <span class='ocrx_word' id='word_1_138' title='bbox 921 2316 1075 2397; x_wconf 85' lang='lat' dir='ltr'><strong>proxime</strong></span> <span class='ocrx_word' id='word_1_139' title='bbox 1090 2316 1123 2378; x_wconf 88' lang='lat' dir='ltr'><strong>in</strong></span> <span class='ocrx_word' id='word_1_140' title='bbox 1140 2314 1268 2377; x_wconf 88' lang='lat' dir='ltr'><strong>duabus</strong></span> <span class='ocrx_word' id='word_1_141' title='bbox 1282 2332 1327 2376; x_wconf 91' lang='lat' dir='ltr'><strong>ex</strong></span> 
     </span>
     <span class='ocr_line' id='line_1_20' title="bbox 228 2415 1327 2498; baseline -0.006 -18"><span class='ocrx_word' id='word_1_142' title='bbox 228 2416 350 2480; x_wconf 88' lang='lat' dir='ltr'><strong>iisdem</strong></span> <span class='ocrx_word' id='word_1_143' title='bbox 386 2417 523 2498; x_wconf 87' lang='lat' dir='ltr'><strong>inscrip.</strong></span> <span class='ocrx_word' id='word_1_144' title='bbox 557 2415 698 2496; x_wconf 86' lang='lat' dir='ltr'><strong>legitur:</strong></span> <span class='ocrx_word' id='word_1_145' title='bbox 732 2431 857 2477; x_wconf 75' lang='lat' dir='ltr'><strong>savia.</strong></span> <span class='ocrx_word' id='word_1_146' title='bbox 892 2432 1064 2491; x_wconf 72' lang='lat' dir='ltr'><strong>nqvmvu</strong></span> <span class='ocrx_word' id='word_1_147' title='bbox 1100 2431 1327 2477; x_wconf 74' lang='lat' dir='ltr'><strong>aomanorum.</strong></span> 
     </span>
     <span class='ocr_line' id='line_1_21' title="bbox 230 2515 1333 2601; baseline -0.004 -20"><span class='ocrx_word' id='word_1_148' title='bbox 230 2517 284 2581; x_wconf 87' lang='lat' dir='ltr'><strong>De</strong></span> <span class='ocrx_word' id='word_1_149' title='bbox 301 2536 371 2601; x_wconf 93' lang='lat' dir='ltr'><strong>quo</strong></span> <span class='ocrx_word' id='word_1_150' title='bbox 387 2517 531 2580; x_wconf 87' lang='lat' dir='ltr'><strong>seviratu</strong></span> <span class='ocrx_word' id='word_1_151' title='bbox 548 2534 618 2598; x_wconf 85' lang='lat' dir='ltr'><strong>prae</strong></span> <span class='ocrx_word' id='word_1_152' title='bbox 641 2516 761 2579; x_wconf 88' lang='lat' dir='ltr'><strong>ceteris</strong></span> <span class='ocrx_word' id='word_1_153' title='bbox 783 2515 1006 2580; x_wconf 87' lang='lat' dir='ltr'><strong>consulendus</strong></span> <span class='ocrx_word' id='word_1_154' title='bbox 1021 2517 1189 2580; x_wconf 87' lang='lat' dir='ltr'><strong>illustriss.</strong></span> <span class='ocrx_word' id='word_1_155' title='bbox 1207 2515 1333 2578; x_wconf 74' lang='lat' dir='ltr'><strong>Eneca.</strong></span> 
     </span>
     <span class='ocr_line' id='line_1_22' title="bbox 230 2617 478 2700; baseline -0.008 -18"><span class='ocrx_word' id='word_1_156' title='bbox 230 2617 478 2700; x_wconf 79' lang='lat' dir='ltr'><strong>spanhemius.q</strong></span> 
     </span>
    </p>
   </div>
   <div class='ocr_carea' id='block_1_6' title="bbox 464 2782 1089 2866">
    <p class='ocr_par' dir='ltr' id='par_1_6' title="bbox 464 2782 1089 2866">
     <span class='ocr_line' id='line_1_23' title="bbox 464 2782 1089 2866; baseline -0.006 -19"><span class='ocrx_word' id='word_1_157' title='bbox 464 2784 529 2848; x_wconf 87' lang='lat' dir='ltr'><strong>An.</strong></span> <span class='ocrx_word' id='word_1_158' title='bbox 546 2783 624 2848; x_wconf 82' lang='lat' dir='ltr'><strong>Chr.</strong></span> <span class='ocrx_word' id='word_1_159' title='bbox 641 2799 825 2846; x_wconf 72' lang='lat' dir='ltr'><strong>cxxxvii.</strong></span> <span class='ocrx_word' id='word_1_160' title='bbox 870 2782 936 2845; x_wconf 88' lang='lat' dir='ltr'><strong>Aa.</strong></span> <span class='ocrx_word' id='word_1_161' title='bbox 952 2784 1021 2846; x_wconf 87' lang='lat' dir='ltr'><strong>AEt.</strong></span> <span class='ocrx_word' id='word_1_162' title='bbox 1040 2788 1089 2866; x_wconf 52' lang='grc' dir='ltr'><strong>ἓξ.</strong></span> 
     </span>
    </p>
   </div>
   <div class='ocr_carea' id='block_1_7' title="bbox 227 2915 1326 3910">
    <p class='ocr_par' dir='ltr' id='par_1_7' title="bbox 227 2915 1326 3910">
     <span class='ocr_line' id='line_1_24' title="bbox 273 2915 1326 3000; baseline 0.003 -21"><span class='ocrx_word' id='word_1_163' title='bbox 273 2916 358 2979; x_wconf 86' lang='lat' dir='ltr'><strong>Cum</strong></span> <span class='ocrx_word' id='word_1_164' title='bbox 375 2935 435 2998; x_wconf 92' lang='lat' dir='ltr'><strong>pro</strong></span> <span class='ocrx_word' id='word_1_165' title='bbox 450 2915 570 2979; x_wconf 88' lang='lat' dir='ltr'><strong>nostris</strong></span> <span class='ocrx_word' id='word_1_166' title='bbox 586 2916 770 2978; x_wconf 87' lang='lat' dir='ltr'><strong>rationibus</strong></span> <span class='ocrx_word' id='word_1_167' title='bbox 786 2915 917 2978; x_wconf 87' lang='lat' dir='ltr'><strong>Plinius</strong></span> <span class='ocrx_word' id='word_1_168' title='bbox 932 2916 1063 2978; x_wconf 91' lang='lat' dir='ltr'><strong>nonnisi</strong></span> <span class='ocrx_word' id='word_1_169' title='bbox 1078 2917 1210 2980; x_wconf 88' lang='lat' dir='ltr'><strong>labente</strong></span> <span class='ocrx_word' id='word_1_170' title='bbox 1227 2937 1326 3000; x_wconf 89' lang='lat' dir='ltr'><strong>supe·</strong></span> 
     </span>
     <span class='ocr_line' id='line_1_25' title="bbox 228 3015 1326 3101; baseline 0.003 -22"><span class='ocrx_word' id='word_1_171' title='bbox 228 3016 309 3080; x_wconf 86' lang='lat' dir='ltr'><strong>riori</strong></span> <span class='ocrx_word' id='word_1_172' title='bbox 331 3035 417 3078; x_wconf 90' lang='lat' dir='ltr'><strong>anno</strong></span> <span class='ocrx_word' id='word_1_173' title='bbox 436 3015 536 3080; x_wconf 86' lang='lat' dir='ltr'><strong>fuerit</strong></span> <span class='ocrx_word' id='word_1_174' title='bbox 558 3016 751 3079; x_wconf 89' lang='lat' dir='ltr'><strong>vicesimum</strong></span> <span class='ocrx_word' id='word_1_175' title='bbox 777 3016 926 3097; x_wconf 90' lang='lat' dir='ltr'><strong>quintum</strong></span> <span class='ocrx_word' id='word_1_176' title='bbox 944 3019 1058 3080; x_wconf 85' lang='lat' dir='ltr'><strong>aetatis</strong></span> <span class='ocrx_word' id='word_1_177' title='bbox 1074 3037 1194 3082; x_wconf 89' lang='lat' dir='ltr'><strong>anuum</strong></span> <span class='ocrx_word' id='word_1_178' title='bbox 1212 3021 1326 3101; x_wconf 86' lang='lat' dir='ltr'><strong>auspi·</strong></span> 
     </span>
     <span class='ocr_line' id='line_1_26' title="bbox 229 3117 1326 3201; baseline 0 -19"><span class='ocrx_word' id='word_1_179' title='bbox 229 3126 344 3198; x_wconf 88' lang='lat' dir='ltr'><strong>catus;</strong></span> <span class='ocrx_word' id='word_1_180' title='bbox 367 3136 426 3180; x_wconf 89' lang='lat' dir='ltr'><strong>nec</strong></span> <span class='ocrx_word' id='word_1_181' title='bbox 448 3127 523 3181; x_wconf 87' lang='lat' dir='ltr'><strong>ante</strong></span> <span class='ocrx_word' id='word_1_182' title='bbox 544 3118 630 3180; x_wconf 91' lang='lat' dir='ltr'><strong>hano</strong></span> <span class='ocrx_word' id='word_1_183' title='bbox 645 3123 778 3181; x_wconf 89' lang='lat' dir='ltr'><strong>aetatem</strong></span> <span class='ocrx_word' id='word_1_184' title='bbox 796 3138 854 3200; x_wconf 89' lang='lat' dir='ltr'><strong>per</strong></span> <span class='ocrx_word' id='word_1_185' title='bbox 868 3117 961 3199; x_wconf 85' lang='lat' dir='ltr'><strong>leges</strong></span> <span class='ocrx_word' id='word_1_186' title='bbox 975 3117 1107 3182; x_wconf 89' lang='lat' dir='ltr'><strong>licuerit</strong></span> <span class='ocrx_word' id='word_1_187' title='bbox 1122 3126 1326 3201; x_wconf 83' lang='lat' dir='ltr'><strong>quaesturam</strong></span> 
     </span>
     <span class='ocr_line' id='line_1_27' title="bbox 228 3219 1325 3302; baseline 0.001 -19"><span class='ocrx_word' id='word_1_188' title='bbox 228 3237 353 3301; x_wconf 84' lang='lat' dir='ltr'><strong>gerere,</strong></span> <span class='ocrx_word' id='word_1_189' title='bbox 370 3239 445 3302; x_wconf 83' lang='lat' dir='ltr'><strong>qnae</strong></span> <span class='ocrx_word' id='word_1_190' title='bbox 462 3221 589 3301; x_wconf 88' lang='lat' dir='ltr'><strong>primus</strong></span> <span class='ocrx_word' id='word_1_191' title='bbox 605 3219 639 3281; x_wconf 92' lang='lat' dir='ltr'><strong>in</strong></span> <span class='ocrx_word' id='word_1_192' title='bbox 661 3226 780 3282; x_wconf 90' lang='lat' dir='ltr'><strong>senatu</strong></span> <span class='ocrx_word' id='word_1_193' title='bbox 795 3221 957 3301; x_wconf 78' lang='lat' dir='ltr'><strong>gradus:r</strong></span> <span class='ocrx_word' id='word_1_194' title='bbox 979 3219 1056 3282; x_wconf 91' lang='lat' dir='ltr'><strong>hinc</strong></span> <span class='ocrx_word' id='word_1_195' title='bbox 1072 3221 1220 3302; x_wconf 88' lang='lat' dir='ltr'><strong>sequitur</strong></span> <span class='ocrx_word' id='word_1_196' title='bbox 1233 3219 1325 3284; x_wconf 89' lang='lat' dir='ltr'><strong>Nos·</strong></span> 
     </span>
     <span class='ocr_line' id='line_1_28' title="bbox 227 3321 1325 3403; baseline 0.001 -20"><span class='ocrx_word' id='word_1_197' title='bbox 227 3329 313 3383; x_wconf 86' lang='lat' dir='ltr'><strong>trum</strong></span> <span class='ocrx_word' id='word_1_198' title='bbox 331 3340 416 3383; x_wconf 90' lang='lat' dir='ltr'><strong>anno</strong></span> <span class='ocrx_word' id='word_1_199' title='bbox 430 3321 629 3384; x_wconf 87' lang='lat' dir='ltr'><strong>citissimum</strong></span> <span class='ocrx_word' id='word_1_200' title='bbox 641 3322 796 3402; x_wconf 86' lang='lat' dir='ltr'><strong>proximo</strong></span> <span class='ocrx_word' id='word_1_201' title='bbox 810 3329 1009 3403; x_wconf 83' lang='lat' dir='ltr'><strong>quaesturam</strong></span> <span class='ocrx_word' id='word_1_202' title='bbox 1024 3322 1174 3403; x_wconf 88' lang='lat' dir='ltr'><strong>petiisse,</strong></span> <span class='ocrx_word' id='word_1_203' title='bbox 1186 3339 1325 3403; x_wconf 80' lang='lat' dir='ltr'><strong>eamque</strong></span> 
     </span>
     <span class='ocr_line' id='line_1_29' title="bbox 227 3421 1323 3504; baseline 0 -20"><span class='ocrx_word' id='word_1_204' title='bbox 227 3421 291 3485; x_wconf 90' lang='lat' dir='ltr'><strong>hoo</strong></span> <span class='ocrx_word' id='word_1_205' title='bbox 314 3422 448 3483; x_wconf 87' lang='lat' dir='ltr'><strong>ineunte</strong></span> <span class='ocrx_word' id='word_1_206' title='bbox 471 3422 634 3501; x_wconf 89' lang='lat' dir='ltr'><strong>subiisse;</strong></span> <span class='ocrx_word' id='word_1_207' title='bbox 657 3422 825 3504; x_wconf 89' lang='lat' dir='ltr'><strong>siquidem</strong></span> <span class='ocrx_word' id='word_1_208' title='bbox 848 3422 921 3486; x_wconf 86' lang='lat' dir='ltr'><strong>haec</strong></span> <span class='ocrx_word' id='word_1_209' title='bbox 937 3422 1094 3502; x_wconf 82' lang='lat' dir='ltr'><strong>dignitas,</strong></span> <span class='ocrx_word' id='word_1_210' title='bbox 1110 3429 1146 3484; x_wconf 92' lang='lat' dir='ltr'><strong>ut</strong></span> <span class='ocrx_word' id='word_1_211' title='bbox 1162 3427 1194 3484; x_wconf 89' lang='lat' dir='ltr'><strong>et</strong></span> <span class='ocrx_word' id='word_1_212' title='bbox 1207 3424 1323 3498; x_wconf 86' lang='lat' dir='ltr'><strong>ceteri,</strong></span> 
     </span>
     <span class='ocr_line' id='line_1_30' title="bbox 228 3521 1324 3604; baseline 0.002 -20"><span class='ocrx_word' id='word_1_213' title='bbox 228 3523 258 3585; x_wconf 89' lang='lat' dir='ltr'><strong>si</strong></span> <span class='ocrx_word' id='word_1_214' title='bbox 280 3525 460 3604; x_wconf 86' lang='lat' dir='ltr'><strong>praeturam</strong></span> <span class='ocrx_word' id='word_1_215' title='bbox 482 3521 650 3602; x_wconf 82' lang='lat' dir='ltr'><strong>excipias,</strong></span> <span class='ocrx_word' id='word_1_216' title='bbox 666 3523 890 3602; x_wconf 85' lang='lat' dir='ltr'><strong>magistratus,</strong></span> <span class='ocrx_word' id='word_1_217' title='bbox 904 3523 1031 3586; x_wconf 90' lang='lat' dir='ltr'><strong>initium</strong></span> <span class='ocrx_word' id='word_1_218' title='bbox 1052 3543 1127 3587; x_wconf 89' lang='lat' dir='ltr'><strong>cum</strong></span> <span class='ocrx_word' id='word_1_219' title='bbox 1144 3523 1220 3604; x_wconf 93' lang='lat' dir='ltr'><strong>ipso</strong></span> <span class='ocrx_word' id='word_1_220' title='bbox 1236 3541 1324 3586; x_wconf 75' lang='lat' dir='ltr'><strong>anno</strong></span> 
     </span>
     <span class='ocr_line' id='line_1_31' title="bbox 228 3620 1326 3706; baseline 0.002 -20"><span class='ocrx_word' id='word_1_221' title='bbox 228 3623 392 3686; x_wconf 87' lang='lat' dir='ltr'><strong>sumebat.</strong></span> <span class='ocrx_word' id='word_1_222' title='bbox 436 3620 564 3685; x_wconf 91' lang='lat' dir='ltr'><strong>Eadem</strong></span> <span class='ocrx_word' id='word_1_223' title='bbox 588 3631 676 3686; x_wconf 88' lang='lat' dir='ltr'><strong>certe</strong></span> <span class='ocrx_word' id='word_1_224' title='bbox 698 3624 757 3686; x_wconf 85' lang='lat' dir='ltr'><strong>vix</strong></span> <span class='ocrx_word' id='word_1_225' title='bbox 781 3625 822 3688; x_wconf 90' lang='lat' dir='ltr'><strong>ad</strong></span> <span class='ocrx_word' id='word_1_226' title='bbox 846 3625 947 3687; x_wconf 91' lang='lat' dir='ltr'><strong>alium</strong></span> <span class='ocrx_word' id='word_1_227' title='bbox 964 3625 1256 3706; x_wconf 86' lang='lat' dir='ltr'><strong>exsuperioribus</strong></span> <span class='ocrx_word' id='word_1_228' title='bbox 1272 3643 1326 3688; x_wconf 92' lang='lat' dir='ltr'><strong>se·</strong></span> 
     </span>
     <span class='ocr_line' id='line_1_32' title="bbox 228 3724 1325 3814; baseline 0.003 -28"><span class='ocrx_word' id='word_1_229' title='bbox 228 3724 451 3806; x_wconf 87' lang='lat' dir='ltr'><strong>quentibusve</strong></span> <span class='ocrx_word' id='word_1_230' title='bbox 476 3724 572 3787; x_wconf 88' lang='lat' dir='ltr'><strong>annis</strong></span> <span class='ocrx_word' id='word_1_231' title='bbox 599 3724 729 3806; x_wconf 86' lang='lat' dir='ltr'><strong>alligari</strong></span> <span class='ocrx_word' id='word_1_232' title='bbox 754 3727 888 3808; x_wconf 88' lang='lat' dir='ltr'><strong>poterit,</strong></span> <span class='ocrx_word' id='word_1_233' title='bbox 912 3727 941 3814; x_wconf 91' lang='lat' dir='ltr'><strong>si</strong></span> <span class='ocrx_word' id='word_1_234' title='bbox 964 3725 1132 3807; x_wconf 89' lang='lat' dir='ltr'><strong>quaejam</strong></span> <span class='ocrx_word' id='word_1_235' title='bbox 1156 3725 1199 3787; x_wconf 87' lang='lat' dir='ltr'><strong>de</strong></span> <span class='ocrx_word' id='word_1_236' title='bbox 1223 3726 1325 3789; x_wconf 88' lang='lat' dir='ltr'><strong>Plinii</strong></span> 
     </span>
     <span class='ocr_line' id='line_1_33' title="bbox 228 3825 1324 3910; baseline 0.005 -24"><span class='ocrx_word' id='word_1_237' title='bbox 228 3828 329 3888; x_wconf 68' lang='lat' dir='ltr'><strong>aetate</strong></span> <span class='ocrx_word' id='word_1_238' title='bbox 352 3825 510 3900; x_wconf 86' lang='lat' dir='ltr'><strong>diximus,</strong></span> <span class='ocrx_word' id='word_1_239' title='bbox 526 3832 561 3888; x_wconf 87' lang='lat' dir='ltr'><strong>et</strong></span> <span class='ocrx_word' id='word_1_240' title='bbox 580 3845 656 3908; x_wconf 89' lang='lat' dir='ltr'><strong>quae</strong></span> <span class='ocrx_word' id='word_1_241' title='bbox 671 3826 813 3890; x_wconf 80' lang='lat' dir='ltr'><strong>inferius</strong></span> <span class='ocrx_word' id='word_1_242' title='bbox 829 3827 870 3890; x_wconf 89' lang='lat' dir='ltr'><strong>de</strong></span> <span class='ocrx_word' id='word_1_243' title='bbox 889 3826 965 3891; x_wconf 90' lang='lat' dir='ltr'><strong>aliis</strong></span> <span class='ocrx_word' id='word_1_244' title='bbox 980 3826 1164 3889; x_wconf 85' lang='lat' dir='ltr'><strong>honoribus</strong></span> <span class='ocrx_word' id='word_1_245' title='bbox 1179 3827 1324 3910; x_wconf 79' lang='lat' dir='ltr'><strong>profere-</strong></span> 
     </span>
    </p>
   </div>
   <div class='ocr_carea' id='block_1_8' title="bbox 227 4017 1324 4159">
    <p class='ocr_par' dir='ltr' id='par_1_8' title="bbox 227 4017 1324 4159">
     <span class='ocr_line' id='line_1_34' title="bbox 258 4017 850 4087; baseline 0.003 -19"><span class='ocrx_word' id='word_1_246' title='bbox 258 4027 271 4060; x_wconf 63' lang='grc' dir='ltr'><strong>Ρ</strong></span> <span class='ocrx_word' id='word_1_247' title='bbox 288 4017 381 4068; x_wconf 84' lang='lat' dir='ltr'><strong>Annal.</strong></span> <span class='ocrx_word' id='word_1_248' title='bbox 396 4022 463 4071; x_wconf 82' lang='lat' dir='ltr'><strong>vell.</strong></span> <span class='ocrx_word' id='word_1_249' title='bbox 482 4035 508 4084; x_wconf 90' lang='lat' dir='ltr'><strong>p.</strong></span> <span class='ocrx_word' id='word_1_250' title='bbox 522 4026 561 4071; x_wconf 83' lang='lat' dir='ltr'><strong>la.</strong></span> <span class='ocrx_word' id='word_1_251' title='bbox 579 4027 607 4071; x_wconf 87' lang='lat' dir='ltr'><strong>et</strong></span> <span class='ocrx_word' id='word_1_252' title='bbox 618 4037 692 4087; x_wconf 81' lang='lat' dir='ltr'><strong>seqq.</strong></span> <span class='ocrx_word' id='word_1_253' title='bbox 705 4020 758 4070; x_wconf 81' lang='lat' dir='ltr'><strong>An·</strong></span> <span class='ocrx_word' id='word_1_254' title='bbox 794 4035 850 4084; x_wconf 83' lang='lat' dir='ltr'><strong>seq.</strong></span> 
     </span>
     <span class='ocr_line' id='line_1_35' title="bbox 227 4095 1324 4159; baseline 0 -17"><span class='ocrx_word' id='word_1_255' title='bbox 227 4095 280 4142; x_wconf 83' lang='lat' dir='ltr'><strong>nal.</strong></span> <span class='ocrx_word' id='word_1_256' title='bbox 293 4096 362 4143; x_wconf 89' lang='lat' dir='ltr'><strong>Stat.</strong></span> <span class='ocrx_word' id='word_1_257' title='bbox 375 4102 467 4157; x_wconf 58' lang='lat' dir='ltr'><strong>putta.</strong></span> <span class='ocrx_word' id='word_1_258' title='bbox 479 4101 537 4149; x_wconf 75' lang='lat'><strong>282.</strong></span> <span class='ocrx_word' id='word_1_259' title='bbox 547 4101 596 4147; x_wconf 75' lang='lat' dir='ltr'><strong>&amp;a</strong></span> <span class='ocrx_word' id='word_1_260' title='bbox 825 4105 835 4130; x_wconf 80' lang='lat'>¹</span> <span class='ocrx_word' id='word_1_261' title='bbox 851 4095 912 4144; x_wconf 89' lang='lat' dir='ltr'><strong>Vid.</strong></span> <span class='ocrx_word' id='word_1_262' title='bbox 927 4095 999 4158; x_wconf 89' lang='lat' dir='ltr'><strong>Lips.</strong></span> <span class='ocrx_word' id='word_1_263' title='bbox 1017 4096 1051 4145; x_wconf 93' lang='lat' dir='ltr'><strong>de</strong></span> <span class='ocrx_word' id='word_1_264' title='bbox 1068 4095 1242 4159; x_wconf 80' lang='lat' dir='ltr'><strong>Magistratib.</strong></span> <span class='ocrx_word' id='word_1_265' title='bbox 1261 4109 1284 4145; x_wconf 87' lang='lat' dir='ltr'><strong>c.</strong></span> <span class='ocrx_word' id='word_1_266' title='bbox 1300 4102 1324 4145; x_wconf 80' lang='lat'><strong>5.</strong></span> 
     </span>
    </p>
   </div>
   <div class='ocr_carea' id='block_1_9' title="bbox 257 4171 894 4238">
    <p class='ocr_par' dir='ltr' id='par_1_9' title="bbox 257 4171 894 4238">
     <span class='ocr_line' id='line_1_36' title="bbox 257 4171 894 4238; baseline 0.009 -21"><span class='ocrx_word' id='word_1_267' title='bbox 257 4179 269 4212; x_wconf 70' lang='lat' dir='ltr'><strong>a</strong></span> <span class='ocrx_word' id='word_1_268' title='bbox 289 4171 329 4219; x_wconf 86' lang='lat' dir='ltr'><strong>De</strong></span> <span class='ocrx_word' id='word_1_269' title='bbox 340 4171 435 4222; x_wconf 73' lang='lat' dir='ltr'><strong>Praert.</strong></span> <span class='ocrx_word' id='word_1_270' title='bbox 446 4181 474 4223; x_wconf 88' lang='lat' dir='ltr'><strong>et</strong></span> <span class='ocrx_word' id='word_1_271' title='bbox 484 4175 540 4224; x_wconf 87' lang='lat' dir='ltr'><strong>Usu</strong></span> <span class='ocrx_word' id='word_1_272' title='bbox 553 4173 653 4226; x_wconf 87' lang='lat' dir='ltr'><strong>Numir.</strong></span> <span class='ocrx_word' id='word_1_273' title='bbox 665 4189 690 4238; x_wconf 88' lang='lat' dir='ltr'><strong>p.</strong></span> <span class='ocrx_word' id='word_1_274' title='bbox 700 4177 758 4223; x_wconf 79' lang='grc'><strong>666.</strong></span> <span class='ocrx_word' id='word_1_275' title='bbox 797 4177 848 4224; x_wconf 71' lang='grc' dir='ltr'><strong>διο.</strong></span> <span class='ocrx_word' id='word_1_276' title='bbox 891 4174 894 4184; x_wconf 77' lang='grc'>’</span> 
     </span>
    </p>
   </div>
   <div class='ocr_carea' id='block_1_10' title="bbox 0 0 1516 4852">
    <p class='ocr_par' dir='ltr' id='par_1_10' title="bbox 0 0 1516 4852">
     <span class='ocr_line' id='line_1_37' title="bbox 0 0 1516 4852; baseline 0 1"><span class='ocrx_word' id='word_1_277' title='bbox 0 0 1516 4852; x_wconf 95' lang='lat' dir='ltr'><strong> </strong></span> 
     </span>
    </p>
   </div>
  </div>
 </body>
</html>
