3100 4854
596 363 634 410 rr.
659 361 764 411 nurrr
789 359 968 408 narraui.
1266 339 1331 406 123

230 509 380 592 Traiano
406 513 516 574 tutore
542 526 617 584 suo,
644 514 677 572 et
701 507 794 572 velut
820 505 926 569 altero
954 507 1102 585 parente,
1119 521 1221 585 aquo
1238 506 1248 537 ‘
1264 517 1329 564 nou

158 629 162 640 ·
232 613 341 677 multo
355 616 432 695 post
447 610 589 674 Romam
606 605 797 673 abduc'tua’¹
814 606 958 681 dicitur,¹
975 623 1050 668 cum
1067 603 1332 686 scilicet'Traja·

232 733 298 778 nus
313 713 355 777 ad
371 713 606 778 Germanicum
623 712 744 776 bellum
759 731 781 773 a
795 709 987 773 Domitiano
1009 706 1088 770 inde
1102 726 1178 770 cum
1194 705 1332 786 legioni-

230 818 300 880 bus
315 821 477 880 evocatus
492 820 555 878 est.
600 814 726 894 Paneg.
745 833 775 876 c.
793 826 876 874 xrv.
922 814 933 844 ‘
952 809 1027 874 Noc
1042 807 1163 873 dubito
1177 807 1259 889 quin
1273 806 1331 870 ille

232 915 481 1002 (Domitianus)
495 917 554 1000 qui
569 923 602 979 te
616 916 701 980 inter
715 914 904 978 Germaniae
919 912 1007 975 bella
1023 911 1066 974 ab
1092 909 1261 990 Hispania
1276 927 1332 972 us-

232 1041 299 1102 que
313 1026 352 1084 ut
367 1018 612 1084 validissimum
627 1016 822 1101 praesidium
837 1010 1033 1090 exciverat,'
1046 1016 1107 1078 &a

234 1186 301 1272 An.
313 1187 357 1252 U.
369 1185 409 1252 C.
422 1204 555 1251 nacon.
573 1186 646 1252 Chr.
662 1202 783 1250 xcvrr.
807 1182 1029 1266 Nervaelmp.
1045 1198 1085 1246 rr.
1101 1181 1205 1276 AEtat.
1217 1197 1330 1245 xurrr.

277 1321 362 1384 Cum
378 1321 546 1404 Trajanus
568 1320 761 1385 Germaniae
779 1319 888 1384 adbuc
905 1323 1080 1400 praeesset,
1099 1316 1211 1383 Nerva
1226 1320 1330 1402 impe·

232 1427 319 1486 rator
333 1430 474 1504 propter
489 1423 619 1486 senium
636 1427 780 1505 spretus,
795 1423 966 1485 eratenim
980 1419 1199 1500 sexagenario
1214 1419 1330 1502 major,

230 1532 266 1587 et
282 1524 387 1606 impar
404 1525 547 1605 regendo
562 1524 714 1607 irnperio,
729 1523 794 1586 nisi
810 1522 962 1605 praeclari
978 1521 1124 1605 alicujus
1139 1520 1202 1584 viri
1212 1521 1329 1604 juven·

161 1706 166 1718 ⁸
230 1631 303 1688 tute
325 1631 360 1688 et
381 1625 502 1688 robore
525 1626 596 1708 ejus
619 1632 779 1688 senectus
801 1623 989 1704 fulciretur3
1013 1621 1167 1688 ascendit
1189 1620 1330 1704 Capito-

229 1726 322 1803 lium,
336 1745 434 1807 quam
451 1726 551 1790 modo
566 1725 734 1808 Trajanus
749 1724 792 1788 ad
802 1744 838 1789 se
849 1745 869 1788 e
881 1724 1057 1788 Pannonia
1070 1724 1216 1787 lauream
1232 1724 1328 1786 misa-

227 1833 291 1904 rat,
318 1829 353 1890 in
374 1829 500 1909 gremio
522 1825 622 1891 Jovis
644 1825 827 1908 Capitolini
848 1825 1080 1909 depositurus3
1114 1830 1149 1888 et
1174 1823 1222 1886 ibi
1252 1831 1330 1888 ante

230 1929 384 2011 pulvinar
398 1928 421 1994 J
424 1931 511 2005 ovis,
525 1930 608 1992 inter
629 1948 704 1992 aras
729 1936 763 1990 et
785 1927 916 2002 altaria,
931 1925 1066 2009 populis
1090 1924 1171 1988 nibil
1186 1924 1254 1988 tale
1270 1943 1330 1988 ex-

228 2031 459 2110 pectantibus:
482 2039 491 2068 ‘
506 2030 607 2110 Quod
622 2028 729 2105 felix,'
743 2031 960 2106 exclamavit,
983 2027 1220 2109 ‘faustumque
1234 2045 1331 2090 sena·

228 2131 290 2212 tui,
306 2131 501 2215 populoque
517 2130 686 2207 Romano,
702 2131 848 2215 mihique
863 2129 921 2207 sit,
933 2129 981 2192 M.
996 2128 1133 2211 Ulpium
1149 2126 1329 2212 Trajanum

229 2231 380 2315 adopto!
424 2232 527 2312 Quod
553 2234 737 2298 incredibili
769 2235 917 2308 omnium
948 2232 1121 2298 alacritate
1148 2235 1181 2294 et
1207 2232 1329 2314 plausu

227 2340 405 2418 exceptum
426 2343 489 2400 est.
534 2336 728 2422 compressi
749 2336 841 2402 illico
867 2337 1139 2419 praetorianorum
1155 2332 1328 2410 tumultus,

228 2453 316 2518 quos
334 2435 536 2520 Calpurnius
559 2438 714 2518 Cressae,
730 2446 764 2503 et
779 2439 936 2504 AElianus
958 2436 1143 2520 Casperius
1158 2435 1329 2519 praetoria-

227 2538 281 2600 nis
305 2538 485 2622 praefectus
509 2542 711 2606 excitarant:
734 2548 850 2608 aucta
869 2541 995 2605 Nervae
1017 2538 1213 2603 auctoritas.
1258 2535 1325 2600 Ve-

225 2646 413 2708 rumtamen
429 2641 565 2706 violatae
582 2662 602 2714 a
616 2643 830 2732 praetorianis
848 2640 1036 2723 majestatis
1060 2658 1128 2702 uon
1142 2639 1326 2716 immemor,

228 2741 449 2807 Homericum
460 2742 557 2818 illud,
568 2743 681 2832 'Dione
693 2752 792 2822 teste,
805 2743 849 2808 ad
860 2741 1040 2826 Trajanum
1054 2739 1202 2822 scripsit,
1216 2736 1328 2814 Tirenus

228 2842 335 2905 Δαναοὶ
350 2845 407 2924 ἐμοὶ
422 2843 532 2929 δάκρυα
542 2846 618 2906 σοῖσι
633 2842 928 2928 llr‘areer,quoeum
942 2842 1086 2908 adhunc
1103 2841 1328 2932 ulciscendam

225 2944 588 3025 injuriambortaretur.
637 2946 746 3032 Atque
769 2954 807 3011 ut
829 2947 936 3030 magis
957 2945 1133 3021 excitaret,
1149 2943 1259 3009 visum
1276 2950 1329 3011 est

227 3063 341 3110 omnes
356 3046 458 3111 simul
468 3047 618 3120 ,bonores
633 3050 736 3113 etiam
752 3049 885 3113 absenti
900 3047 1060 3118 conferre,
1078 3045 1164 3110 Pan.
1177 3065 1254 3126 cap.
1271 3062 1326 3109 rx.

226 3151 235 3180 ‘
253 3146 370 3240 Eidem
388 3167 464 3211 cunr
482 3149 671 3220 Germaniae
687 3149 895 3232 praesideret,
911 3145 1105 3210 Germanici
1121 3164 1238 3206 nomen
1250 3145 1327 3210 hinc

227 3249 520 3314 missum...Jam
544 3249 670 3328 Caesar,
691 3249 764 3334 jam
788 3249 982 3331 imperator,
999 3246 1071 3329 jam
1095 3245 1327 3324 Germanicus,

228 3349 353 3414 absens
366 3358 401 3415 et
415 3351 573 3431 ignarus!
596 3349 683 3433 Cap.
703 3366 787 3413 v111.
820 3349 952 3415 ‘Simul
968 3349 1071 3426 filius,
1087 3348 1184 3413 simul
1199 3346 1327 3428 Caesar,

225 3470 304 3514 mox
324 3453 513 3534 imperator,
530 3459 566 3517 et
587 3445 726 3518 consors
748 3451 931 3518 tribunitiae
953 3450 1144 3536 potestatis,
1158 3456 1192 3516 et
1213 3450 1327 3516 omnia

224 3552 349 3634 pariter
363 3561 397 3618 et
413 3554 527 3617 statim
541 3553 653 3619 factus
668 3553 743 3620 est.'
758 3611 762 3616 .

268 3653 357 3718 Haec
373 3653 514 3736 adoptio
529 3657 669 3739 contigit
690 3674 772 3724 xlv,
791 3657 870 3723 Kal.
893 3659 1017 3724 Octob.
1032 3678 1134 3741 quem
1150 3657 1238 3722 diem
1252 3655 1326 3720 Pli-

224 3754 398 3838 niusPan.
414 3776 445 3819 c.
461 3772 559 3821 xclr.
582 3759 733 3843 ‘triplici
749 3763 873 3845 gaudio
894 3758 1030 3826 laetum'
1053 3759 1221 3844 appellat:
1243 3755 1325 3840 ‘qui

224 3860 410 3940 pessimum
428 3859 612 3943 principem
635 3860 797 3940 abstulit,'
820 3862 1075 3926 Domitianum:
1099 3859 1221 3923 ‘dedit
1236 3859 1325 3941 opti·

222 3958 341 4038 mum?¹
351 3959 502 4025 Nervam
515 3981 535 4044 z,
547 3962 733 4027 ‘meliorem
749 3964 874 4047 optime
890 3963 1028 4047 gennit,'
1051 3947 1247 4043 Trajanum,
1267 3947 1325 4026 adss

224 4062 360 4143 optione
374 4062 434 4127 illa
446 4064 544 4145 quasi
559 4065 719 4146 genitum,
733 4079 770 4140 et
784 4066 828 4131 ad
841 4065 1018 4149 imperium
1028 4066 1194 4142 evectum.
1266 4101 1269 4106 ·
1315 4077 1320 4138 j

266 4163 469 4230 Hadrianus
486 4165 577 4232 illico
604 4167 727 4232 missus
753 4168 788 4232 in
812 4166 1027 4238 Germaniam
1050 4164 1254 4247 superiorem
1279 4164 1323 4228 ad

221 4265 451 4368 gratulandum
481 4267 646 4334 exercitui
667 4267 878 4364 ⁴Germanico
907 4269 949 4333 de
978 4265 1158 4351 adoptione
1183 4263 1345 4348 Trajani'
