3100 4854
579 394 863 443 rsueermcus.
909 397 932 442 1.
954 383 985 443 e.
1264 385 1329 448 149

233 553 366 616 cunctis
391 571 488 616 omen
512 562 687 636 acceptum
704 563 775 619 est:
798 573 874 618 uam
890 555 964 639 ipse
979 555 1164 638 intelligere
1183 559 1331 624 nolebas

233 654 435 718 Recusabas
448 655 556 717 enimg
565 656 749 738 imperare;
766 657 959 736 recusabas,
974 658 1065 740 quod
1080 659 1164 722 bene
1181 666 1255 725 crat
1265 660 1328 722 im·

230 757 331 824 taturi
343 753 375 818 :¹²
390 756 491 838 igitur
506 756 673 838 cogendus
689 757 794 821 fuisti.
839 759 871 820 6.
888 755 973 839 Cogi
987 777 1085 842 perro
1100 773 1166 823 nou
1182 766 1327 840 poteras,

230 858 296 921 nisi
307 858 463 941 periculo
478 856 620 942 patriae,¹
634 867 669 922 et
683 861 855 925 nutatione
869 861 1077 942 reipublicae.
1108 861 1327 925 obstinatum

229 960 317 1022 euim
332 960 406 1038 tibi,
422 979 488 1023 neu
505 960 675 1043 suscipere
695 961 881 1046 imperium,
899 961 965 1026 uisi
981 963 1178 1028 servandum
1193 963 1326 1028 fuisset.

228 1061 262 1123 7.
277 1059 391 1139 Quare
405 1081 460 1146 ego
474 1061 568 1125 illum
593 1063 704 1144 ipsum
720 1061 875 1140 furorem,
892 1069 1086 1145 motumque
1102 1059 1326 1138 castrensem,j

228 1181 303 1224 reor
311 1164 480 1244 extitisse3
493 1164 700 1248 quiamagua
710 1164 1328 1248 vi,magnoqueterrore,m0destiutua

136 1253 139 1260 ’
229 1261 394 1326 vincenda
408 1269 488 1328 erat.
519 1263 552 1328 8.
568 1261 634 1338 Ac,
647 1264 737 1327 sicut
752 1260 874 1328 maris*
889 1266 1034 1349 coelique
1050 1253 1240 1347 temperiem
1258 1272 1327 1330 tur·

229 1363 322 1426 binas
338 1371 625 1448 tempestatesque
636 1365 890 1444 commendare
905 1367 963 1442 ita,
975 1364 1020 1430 ad
1033 1365 1218 1447 augendam
1229 1369 1326 1450 pacis

228 1468 293 1528 tuse
317 1466 469 1546 gratiam,
493 1465 589 1530 illum
614 1466 793 1530 tumultum
808 1467 1028 1549 praecessisse
1053 1466 1260 1531 crediderim.
1292 1469 1324 1532 9.

229 1563 347 1628 Habet
355 1567 416 1630 has
429 1566 519 1630 'vices
530 1566 679 1631 conditio
686 1568 884 1644 mortalium,
895 1575 933 1630 ut
942 1567 1084 1632 adversa
1093 1587 1134 1632 ex
1148 1569 1324 1646 secundis3

227 1683 268 1730 ex
286 1666 448 1741 adversis,
465 1667 625 1744 secunda,
646 1673 831 1730 nascentur.
877 1666 1036 1734 Occultat
1049 1675 1258 1753 utrorumque
1272 1689 1324 1734 se·

227 1897 287 1958 qued
298 1894 354 1944 lene
364 1910 416 1944 erm
426 1897 600 1958 imperaturus:
615 1897 695 1956 Beer,
704 1897 766 1960 pred
786 1896 842 1946 dene
859 1900 938 1945 tumen
948 1910 1001 1946 erus
1011 1897 1220 1955 praestiturus-n
1237 1897 1321 1948 codd.

227 1973 316 2008 omues
328 1966 354 2008 et
367 1969 433 2010 vett.
444 1960 505 2010 edd.
517 1961 621 2012 Putenl.
630 1965 703 2012 rure.
719 1963 815 2010 Venet.
823 1963 896 2009 1498.
908 1959 1031 2010 Bererld.
1044 1959 1122 2010 Aldd.
1134 1963 1210 2012 dunt.
1223 1963 1323 2024 Delph.

227 2025 260 2074 al.
270 2024 401 2072 mutatione
406 2041 417 2083 ,·
434 2031 486 2074 tres
498 2025 575 2076 cedd.
586 2027 703 2082 Gestari,
715 2033 742 2075 et
753 2026 815 2074 Vct.
827 2025 912 2074 Lirin.
923 2038 982 2073 curn
993 2023 1054 2073 edd.
1066 2025 1172 2088 Cuspiu.
1185 2025 1287 2090 Gryph.
1299 2030 1324 2076 l.

227 2091 287 2136 as.
303 2088 517 2140 sternuente.
536 2093 608 2138 retr.
625 2090 725 2140 Hearn.
744 2091 840 2138 Cellae.
860 2091 949 2138 Arutz.
970 2088 1051 2138 Genu.
1069 2089 1166 2138 Sclraef.
1181 2099 1209 2138 et
1220 2091 1321 2152 Gierig.

226 2151 356 2201 nmatione.
387 2154 395 2180 ⁴
408 2153 467 2202 Nisi
484 2157 625 2204 remandunt
635 2152 738 2214 suisset]
756 2153 849 2204 Nescit
866 2149 1089 2202 Subsecuntur
1102 2163 1181 2216 atque
1193 2154 1219 2204 J·
1229 2153 1262 2204 A.
1275 2155 1323 2204 Er·

227 2217 309 2264 nestio
323 2216 411 2275 fnisset
423 2216 596 2280 displicuerit,
607 2225 686 2282 etque
698 2223 760 2268 esset
772 2218 938 2267 scribendum
950 2217 1032 2266 visum
1044 2218 1087 2267 sit.
1123 2219 1235 2279 Nempe,
1253 2221 1323 2282 plus·

227 2279 372 2342 quanrperf.
381 2282 449 2344 quud
462 2297 544 2346 nuper
553 2284 606 2345 jam
618 2284 761 2344 mcnui,rei
774 2291 876 2332 nature
887 2285 915 2331 lr.
926 2283 946 2331 1.
959 2283 1118 2330 adversatur.
1151 2283 1241 2332 Sermo
1252 2284 1322 2334 enim

225 2353 266 2393 est
277 2346 311 2393 de
322 2353 438 2408 ternpore
457 2361 500 2407 ee,
517 2362 568 2411 quo
580 2347 707 2409 Trujauus
725 2347 809 2396 adhuc
833 2347 973 2396 recusabat
991 2347 1137 2408 imperium,
1157 2350 1323 2409 usqueadeo

224 2409 393 2458 servaverat.¹
422 2411 568 2472 Gierig.-⁷
597 2412 678 2467 Quare
698 2427 757 2473 ergo
785 2412 882 2460 Pater.
902 2411 1013 2473 Guelplr.
1037 2417 1064 2458 et
1083 2409 1148 2459 Exc.
1169 2412 1245 2460 Voss.
1263 2428 1321 2462 eum

224 2473 284 2522 edd.
304 2474 437 2524 Boxlrorn.
453 2477 543 2526 Kirch.
560 2477 655 2526 Cellsr.
667 2482 695 2525 et
714 2476 813 2525 Heern.
850 2475 931 2531 Quare
947 2489 991 2536 epo
1008 2473 1086 2524 codd.
1107 2475 1183 2523 vett.
1205 2480 1228 2524 l.
1250 2481 1275 2526 2.
1297 2480 1322 2526 3.

224 2540 249 2586 4.
266 2538 374 2586 Venett.
394 2542 417 2588 1.
436 2543 462 2588 2.
481 2539 565 2588 Paris.
583 2539 677 2590 Salisb.
690 2547 717 2588 et
737 2539 911 2589 Schwerziau.
928 2553 988 2587 curu
1008 2538 1104 2586 ceteris
1126 2539 1186 2589 edd.
1212 2541 1323 2599 securem

224 2603 527 2666 mtumpueccd.venet.
549 2605 607 2666 quin
625 2619 712 2666 magna
729 2604 756 2652 in
775 2617 862 2664 magno
875 2616 965 2665 qnoque
984 2606 1074 2651 terrore
1094 2601 1187 2659 Ratae.
1206 2610 1236 2652 et
1257 2605 1322 2653 Erre.

224 2665 348 2715 Voss-8
375 2667 411 2716 Ar
428 2667 491 2717 sicud
507 2669 582 2717 neuris
602 2669 667 2718 Exc.
693 2668 771 2719 Voss.
797 2666 912 2730 Guelplr.
933 2667 1028 2716 Calan.
1055 2665 1135 2714 Aldd.
1156 2666 1231 2717 Junt.
1258 2669 1320 2716 Fra·

226 2728 285 2778 ben.
298 2730 397 2780 Hearu.
408 2739 437 2780 et
448 2733 544 2782 Cellar.
577 2732 624 2794 Ae,
642 2747 662 2781 r.
680 2731 754 2780 muris
772 2729 849 2780 codd.
867 2730 953 2779 Paris.
975 2731 1085 2778 Venett.
1103 2736 1131 2778 et
1151 2731 1322 2780 Schwarzieu.

223 2793 291 2870 item·
311 2795 413 2858 Gryph.
431 2796 520 2846 Pleni.
547 2795 627 2846 Grnt.
643 2796 731 2846 Hack.
746 2795 863 2870 Ratercl.
881 2794 962 2844 Gesn.
982 2801 1009 2869 et
1028 2801 1140 2843 receutt.
1189 2795 1243 2844 Pro
1255 2811 1320 2858 pre·

223 2859 561 2986 {ulutatum
574 2857 1321 2988 itt.{titt..ttttttt‘ttttattentet}ttt

222 2987 310 3043 habet,
319 2988 476 3051 proeroeeisse.
509 2987 800 3038 Assentitureisehaef.
835 2988 882 3036 Est
894 3001 955 3036 sane
972 2987 1079 3038 verbnm
1098 3002 1187 3048 grave,
1201 2989 1271 3052 quod
1290 2997 1318 3040 et

222 3049 277 3111 ipse
290 3051 483 3113 prantenensi
494 3053 595 3102 Plinius
604 3053 660 3100 haee
672 3060 803 3101 commoto
816 3053 901 3100 animo
911 3051 1069 3112 scripsisset.
1104 3052 1156 3100 Sed
1170 3053 1262 3103 leniter
1275 3054 1320 3102 de·

222 3116 304 3164 currit
316 3116 400 3164 oratio
419 3131 467 3178 per
485 3131 586 3165 ornnem
598 3117 623 3165 li.
634 3115 661 3166 l.’
679 3116 776 3177 Gien'g.
801 3115 886 3164 Puris.
908 3116 1035 3162 tammum
1052 3115 1207 3175 processum
1224 3117 1318 3166 Pater.

222 3180 348 3228 tumultum
365 3180 570 3242 pressimus—tl
588 3181 648 3232 Duo
667 3179 744 3230 cedd.
765 3176 910 3232 Amneni,
930 3178 996 3226 alter
1016 3177 1318 3239 Gumt,1³eteot.rtre.

713 3287 820 3340 NO'I'AE

253 3379 266 3416 l
284 3373 417 3424 chuubu
427 3373 502 3436 enim]
520 3372 600 3433 Vere,
611 3378 683 3420 etex
695 3371 749 3420 ani·
788 3367 883 3419 esteris
901 3367 1034 3432 cujusdam
1045 3368 1089 3418 illa
1105 3385 1155 3420 rex
1175 3377 1227 3422 tem
1249 3373 1318 3424 cele·

221 3463 271 3498 me.
304 3448 439 3499 Abslmitis
460 3449 492 3498 iis
512 3447 683 3511 principibus,
705 3445 748 3509 qui
790 3445 863 3496 brist
880 3445 1035 3496 ‘invitusad
1049 3461 1129 3510 remp.
1140 3447 1314 3500 admovendos

220 3539 252 3574 es
268 3525 337 3574 uelle
355 3539 383 3572 se
400 3525 531 3585 simulent,
542 3538 600 3587 quae
616 3522 750 3585 impensis·
789 3521 939 3585 etse.’Lr'pe.

218 3601 284 3650 sitne
299 3600 417 3663 cupiunt,
429 3615 460 3649 eo
476 3597 611 3655 videlicet,
623 3604 652 3648 ut
668 3599 694 3648 lu
706 3613 748 3648 ac·
821 3599 828 3632 ¹
844 3597 955 3648 Pericula
972 3597 1068 3662 putria]
1085 3599 1278 3649 Couctamrtum
1291 3615 1318 3650 e·

220 3676 347 3738 cipiendis
367 3675 518 3739 honeribus,
533 3675 639 3739 obsequi
664 3674 749 3736 potius
789 3674 851 3730 uim,
860 3682 889 3722 nt
900 3675 1171 3737 supradiximus,erut
1179 3675 1212 3724 de
1222 3677 1315 3738 repub·

220 3753 375 3814 populorum
391 3752 488 3808 studio,
506 3765 583 3815 quem
604 3765 657 3800 sme
669 3751 748 3800 embi-
788 3751 848 3812 lieu,
867 3750 915 3799 uisi
927 3751 1024 3800 Nervae
1043 3757 1150 3812 propter
1167 3750 1269 3798 nimiam
1282 3767 1315 3800 ar·

218 3827 282 3876 ticui
295 3829 443 3878 rideantur.
788 3834 870 3876 tetam
881 3832 971 3889 spreto
982 3826 1148 3876 srrccesnisset
1157 3827 1291 3889 Trajauus.

251 3903 263 3936 ¹¹
279 3903 435 3968 imperatum]
453 3903 550 3953 Melius
564 3915 648 3967 quam,
659 3907 689 3950 ut
700 3902 748 3952 eli·
819 3901 982 3966 liliorumque
998 3901 1154 3964 cestrensem]
1175 3903 1314 3958 Pretoriu-

219 3984 264 4047 qui
280 3982 382 4044 legunt,
398 3982 550 4043 immature.
582 3980 679 4030 Sensus
690 3985 744 4027 est:
787 3995 879 4030 nortun
887 3979 1245 4043 militum,qui‚coutrsqurm
1256 3993 1315 4042 pre·

219 4059 284 4106 Cum
307 4070 440 4106 recusares
461 4056 606 4119 imperinm,
625 4054 746 4104 ostende·
786 4058 1016 4112 ninuentttem,
1028 4055 1170 4106 Domitiani
1191 4056 1327 4108 intonen-⁸

217 4134 273 4197 bes,
290 4148 365 4198 annr
392 4134 459 4183 bene
473 4147 545 4183 esses
566 4133 748 4196 imperaturus.
788 4136 887 4186 toribus
899 4134 1000 4194 occisis,
1012 4133 1135 4181 tumultur
1146 4133 1304 4188 excitarunt.

218 4209 304 4259 Nemo
326 4210 394 4260 enlm
416 4208 525 4276 irnperio
542 4209 655 4274 dignior,
672 4223 746 4272 quem
818 4209 893 4274 Ην,
903 4207 1057 4271 statues]
1068 4206 1200 4260 Amoeuier
1211 4210 1313 4260 videtur

218 4287 262 4355 qui
274 4285 338 4340 illud
349 4284 456 4351 refugit.
489 4286 578 4353 Atque
592 4285 746 4356 iudeimpe·
785 4287 913 4346 serenitas
924 4293 985 4358 port
994 4284 1109 4338 turbines
1118 4299 1149 4345 ec
1160 4287 1302 4353 proeellas.
