3112 4852
233 345 298 412 222
599 361 631 409 c.
654 363 777 410 rnruu
802 363 991 412 sncuunr.

233 524 322 568 num.
366 503 446 606 N⁰.¹¹
471 504 682 570 solitudinem
705 506 767 585 illi,
783 525 848 570 non
871 508 956 586 iter;
980 506 1038 570 sed
1062 508 1247 589 templum,⁰
1271 511 1330 574 sed

232 605 364 669 forum?
377 604 582 669 insederant.
622 606 726 672 Nulla
736 607 809 689 jam
824 613 1018 672 testamenta
1034 627 1152 671 secura
1164 615 1196 686 3‘1
1219 611 1330 674 nullus

693 753 877 775 ΜΟΝΝΨΙΜΙ

233 833 311 890 sorte,
329 848 387 883 cunr
408 848 423 882 a
439 833 582 884 festinante
595 834 703 885 librario
719 849 813 886 nomen
829 849 914 897 agmen
930 835 1132 897 pretermissum
1143 842 1280 897 esset,nec
1292 851 1332 884 so-

233 900 285 948 lum
302 899 466 961 participium
485 899 788 951 inductumcoustituerit
799 900 971 960 seutentiam
987 901 1046 948 hinc
1064 901 1167 948 tandem
1185 901 1287 961 ingenia
1302 902 1333 949 li-

234 964 388 1021 brariorurn,
408 971 451 1010 aut
473 972 659 1020 correctorum,
677 963 824 1014 effinxerint
840 963 870 1012 rb
880 965 1008 1026 judicium.
1042 963 1121 1012 Certe
1135 978 1183 1026 ego
1195 979 1332 1026 propemo-

233 1029 294 1076 dum
304 1041 440 1090 suspensas
451 1027 533 1074 babeo
546 1027 666 1084 rationes,
680 1030 731 1078 utri
743 1029 848 1078 lectioni
860 1029 941 1091 magis
950 1029 1062 1088 faveam,
1070 1041 1129 1076 cum
1140 1035 1234 1077 neutra
1246 1029 1333 1078 videar·

235 1103 278 1140 tur
289 1106 346 1140 esse
356 1092 453 1152 inepta.
486 1091 513 1140 Si
524 1092 593 1140 enim
604 1095 700 1154 cogito,
709 1093 823 1141 Plinium
835 1093 913 1142 modo
924 1093 1038 1142 locutum
1050 1105 1107 1139 esse
1118 1091 1152 1140 de
1164 1094 1333 1155 spectaculis,

234 1165 262 1204 ct
282 1156 320 1203 his
333 1155 388 1218 jam
409 1168 577 1204 annumerare
594 1156 602 1180 ‘
618 1171 707 1220 poenas
727 1157 882 1213 delatorum,
904 1157 947 1220 qui
966 1158 1038 1204 velut
1058 1155 1200 1216 piaculares
1223 1157 1334 1206 victima

233 1233 312 1280 supra
329 1219 477 1282 sanguinent
497 1221 629 1269 noxiorum
650 1221 683 1269 ad
702 1222 774 1270 lenta
793 1221 918 1286 supplicia
936 1221 1093 1269 ducerentur
1101 1218 1118 1279 ;'
1134 1221 1218 1282 gestio
1237 1221 1334 1283 legere,
1383 1257 1389 1271 .

232 1285 362 1332 delatorum
381 1297 465 1344 agmen
486 1284 615 1345 inductum,
639 1285 764 1334 videlicet
792 1288 819 1334 in
851 1285 1078 1348 amphitheatrum,
1099 1297 1130 1332 ac
1162 1299 1209 1346 per
1230 1299 1336 1336 arenam

235 1348 393 1406 traductum,
416 1353 445 1394 ut
462 1356 623 1407 spectatores
643 1349 750 1398 istorum
769 1349 854 1412 supina
872 1364 922 1410 cru,
942 1353 1089 1408 retentusque
1107 1349 1215 1406 cumaea,
1234 1349 1335 1410 desuper

234 1414 389 1460 intuerentur.
424 1410 469 1459 Sin
484 1413 673 1472 animadverto,
690 1414 807 1462 delatores
823 1414 864 1462 iric
882 1413 986 1475 adjungi
1002 1411 1179 1471 grassatoribus
1194 1417 1217 1458 st
1235 1413 1336 1461 latranti·

234 1475 292 1532 busr
310 1489 394 1540 neque
412 1489 473 1523 vero
490 1476 666 1538 deprehendo,
685 1478 774 1524 irorum
789 1478 893 1540 agmina
907 1477 934 1525 in
949 1477 1139 1537 ampbitbeatra
1151 1475 1260 1536 produci
1272 1491 1334 1525 cou-
1403 1474 1407 1480 ’

234 1539 359 1601 errerisse,
378 1547 468 1589 contra
489 1555 549 1588 vero
565 1540 604 1588 iris
623 1541 728 1602 publica
740 1540 836 1599 judicia
859 1538 940 1588 fnisse
962 1541 1115 1594 constituta,
1133 1539 1159 1586 in
1180 1539 1274 1602 quibus
1298 1543 1335 1589 vis

236 1602 341 1664 publica
360 1611 387 1651 et
406 1603 506 1664 privata
527 1618 617 1652 severe
634 1610 676 1653 eat
697 1604 846 1664 vindicata;
865 1614 925 1652 tuuc
945 1605 1031 1652 malim
1052 1603 1150 1664 legere,
1169 1603 1279 1652 Vidimus
1295 1607 1336 1654 de·

234 1669 335 1715 uturum
345 1666 473 1728 judicium,
485 1669 551 1729 quasi
559 1673 731 1729 grossetanam,
741 1672 808 1732 quasi
818 1670 946 1716 lamonmu.
970 1667 1111 1730 Utcunque
1122 1675 1171 1722 est,
1183 1668 1207 1714 iu
1221 1667 1271 1714 ista
1282 1681 1337 1716 am-

234 1731 363 1792 biguitate
385 1731 548 1779 nibilominus
569 1734 637 1780 banc
653 1733 735 1793 ipsam
758 1731 862 1780 Celiarii
883 1731 1023 1780 lectionem
1047 1732 1210 1779 retinendam·
1232 1745 1334 1789 censeo,

236 1801 326 1856 utpote
347 1795 458 1857 plurium
479 1794 596 1843 codicum
616 1795 795 1858 editorumque
816 1795 918 1860 judicio
939 1795 1023 1844 adbuc
1045 1793 1194 1857 proditam!
1214 1793 1335 1843 &lucra

234 1858 377 1907 ‘diudicium
395 1873 496 1921 quoque
516 1859 620 1907 Puteol.
634 1864 706 1908 1476.
725 1861 821 1908 Vertat.
842 1862 918 1908 1489.
943 1860 1095 1907 Demeterus
1111 1859 1144 1906 ad
1156 1859 1279 1906 Rosinum
1292 1873 1334 1908 tx.

236 1926 427 1985 ruputas.
440 1933 467 1971 et
479 1923 538 1972 cod.
551 1924 665 1985 Grrclpb.
677 1923 721 1972 sed
734 1923 760 1971 in
772 1923 887 1985 margine
899 1923 1029 1972 inductum.
1049 1924 1122 1972 Licet
1133 1927 1243 1986 utraque
1254 1924 1338 1986 scrip·

235 1995 294 2035 tura
305 2002 337 2035 an
351 2001 412 2034 vera
422 1987 465 2040 sit,
477 2002 536 2035 suas
548 1988 664 2050 patiatur
674 1985 852 2041 difficultates,
864 2001 963 2050 magnae
976 1994 1063 2036 tamen
1081 2001 1121 2034 ure
1132 1987 1246 2035 rationes
1257 1989 1284 2035 in
1297 2003 1338 2036 re·

235 2060 339 2112 ceptam
348 2051 491 2112 impellunt.
512 2052 637 2114 Equidem
643 2052 761 2111 judicium
770 2053 811 2101 bic
820 2066 870 2100 vox
879 2057 949 2100 esset
960 2051 1111 2114 impropria,
1119 2049 1161 2098 cui
1170 2051 1239 2099 iocus
1252 2052 1337 2100 nullus

236 2114 293 2162 dari
306 2122 393 2176 potest
409 2115 497 2176 (quam
516 2117 584 2164 enirn
602 2117 642 2162 vei
659 2115 767 2164 formam
780 2115 877 2178 judicii
888 2115 930 2164 iric
941 2113 1060 2190 (ingeri)
1071 2115 1115 2176 qui
1128 2115 1202 2162 simui
1213 2117 1338 2164 orationis

237 2178 320 2226 ordini
340 2176 493 2236 satisfaciet,
511 2193 562 2226 nou
582 2179 649 2227 enim
670 2179 697 2226 in
718 2193 797 2228 causa
817 2180 961 2227 delatorum
974 2179 1060 2242 Judex
1079 2177 1185 2226 sederat
1195 2179 1338 2241 Trajanns:

237 2241 298 2303 quid
311 2242 393 2301 magis
405 2257 420 2288 a
431 2247 516 2290 mente
529 2242 607 2291 Plinii
619 2243 749 2291 alienum?
782 2241 819 2292 Ar
831 2243 942 2290 maxime
953 2245 991 2291 rei
1003 2248 1091 2304 aptum
1104 2250 1143 2291 est
1154 2251 1181 2291 et
1192 2256 1337 2303 congruens

236 2319 320 2366 agmen
328 2307 465 2362 inductum
478 2305 546 2367 quod
557 2307 662 2354 verbum
671 2314 710 2354 est
720 2306 848 2354 theatrale
858 2314 885 2355 et
895 2306 927 2353 ad
936 2307 1086 2369 spectacula
1095 2306 1201 2367 publica
1208 2305 1339 2356 refertur!

236 2370 322 2418 Arate.
356 2383 440 2429 agmen
454 2371 576 2418 irtdustum
591 2369 729 2432 dederunt,
746 2377 804 2430 post
816 2371 922 2434 Cuspio.
936 2371 1047 2432 Lipsius,
1059 2370 1199 2431 Gruterus,
1208 2371 1338 2434 Bernegg.

238 2433 364 2496 Bruuius,
376 2434 492 2481 Patarol.
504 2443 531 2482 et
543 2433 671 2498 Arntzen.
690 2437 697 2462 ⁸
712 2434 873 2483 Schwarzius
894 2448 944 2482 oon
962 2433 1177 2493 audet‘definire‚
1190 2442 1248 2482 utra
1259 2435 1338 2484 lectio

237 2499 322 2548 verior
332 2499 376 2545 sit.
410 2498 444 2546 Et
456 2511 517 2545 sane
533 2499 554 2544 si
571 2499 754 2548 auctoritatem
772 2498 897 2547 librorum
910 2499 990 2545 solam
1003 2505 1116 2560 spectes,
1127 2498 1218 2547 dubius
1228 2500 1339 2562 bareas,

237 2571 321 2610 utram
333 2563 423 2622 eligas.
458 2562 603 2610 Contentus
616 2572 700 2610 tamen
713 2563 784 2620 satia,
796 2563 897 2625 opinor,
909 2576 965 2610 eam
978 2563 1095 2624 adjuvat,
1107 2577 1181 2624 quam
1195 2577 1239 2610 nos
1251 2565 1338 2625 expri-

140 2638 147 2644 ·
236 2625 523 2674 mendam'curavimus.
556 2626 656 2674 Plinius
675 2627 744 2674 enim
763 2625 804 2674 bic
825 2641 876 2675 non
895 2626 1017 2687 loquitur,
1029 2627 1075 2673 nisi
1094 2627 1127 2674 de
1143 2629 1338 2688 spectaculisin

236 2691 426 2753 amphitheatro
437 2689 568 2738 cultibilis.
603 2691 644 2739 Ibi
657 2690 823 2739 Domitianus
840 2691 988 2739 execrabile
1005 2690 1136 2738 interdum
1149 2689 1243 2739 edebat
1262 2705 1339 2754 spec·

237 2756 363 2814 taculum3
381 2754 506 2817 Trajauus
524 2751 657 2813 pulchrum
670 2768 718 2816 pro
730 2769 761 2803 eo
772 2755 895 2816 reddidit,
911 2769 1003 2818 nempe
1020 2755 1151 2802 debiturum
1161 2755 1340 2815 eguminum·
1352 2747 1360 2757 '

237 2825 288 2867 tum
300 2819 325 2866 in
338 2827 441 2865 arenam
453 2818 643 2878 amphitheatri.
656 2833 681 2867 u.
692 2833 711 2866 s.
723 2823 747 2866 8.
780 2819 867 2867 Facile
879 2826 964 2867 auteur
977 2820 1093 2867 divinare
1104 2819 1166 2868 iicet
1186 2818 1254 2866 uude
1270 2818 1340 2876 jndi-

236 2883 299 2930 cium
310 2887 393 2929 ortum
407 2882 450 2928 sit.
484 2881 617 2929 omiserat
635 2881 753 2929 librarius
765 2883 857 2945 aliquis
875 2897 968 2944 agmen
1003 2883 1068 2930 Cum
1081 2882 1122 2930 alii
1134 2882 1255 2930 inductum
1270 2883 1339 2932 nude

237 2947 348 3008 positum
361 2958 411 2991 non
423 2951 556 3018 capereqt,
570 2945 630 2991 iude
641 2942 900 3020 senueruntjudicium.
933 2943 1021 3008 Atque
1039 2947 1088 3019 hoc
1105 2947 1142 2993 ita
1160 2944 1258 2994 factum
1273 2961 1340 3008 esse,

238 3008 1339 3135 attiititilius{ilidiitutti?itiittutitltbtiltu

238 3145 390 3186 annotatum
409 3145 449 3184 est
471 3136 601 3184 inductum.
641 3135 725 3184 Etiam
748 3136 813 3184 liber
833 3137 909 3184 Voss.
932 3141 1070 3198 utrumque
1090 3137 1213 3187 exbibet!
1242 3138 1339 3199 Gten'g.

238 3203 319 3251 Paulo
332 3209 401 3264 post,
413 3215 459 3262 pro
475 3215 519 3248 non
533 3202 589 3260 iter,
605 3199 673 3261 quod
686 3201 811 3249 eulribent
822 3201 883 3248 cdd.
896 3200 1003 3263 Cuspin.
1016 3201 1126 3262 Lipsius,
1137 3201 1215 3250 Grut.
1227 3202 1340 3262 Berueg.

237 3267 407 3318 Parisieuscs,
419 3265 514 3314 Cellar.
526 3264 643 3313 Patarol.
655 3264 736 3313 Liviu-
748 3266 774 3313 in
786 3265 912 3328 margine,
929 3273 957 3312 et
968 3272 1080 3313 recentt.
1106 3265 1198 3314 nouiter
1206 3266 1303 3326 legitur
1312 3266 1339 3314 in

238 3330 315 3379 codd.
326 3329 508 3388 manuscriptis
520 3336 547 3375 et
560 3328 618 3376 edd.
636 3329 838 3390 antiquissimis;
856 3329 918 3378 item
930 3329 956 3376 iu
975 3328 1035 3377 edd.
1055 3329 1143 3376 Elaea.
1163 3338 1191 3377 ct
1208 3330 1340 3378 Boshorn.

239 3393 377 3452 Nuliujum
394 3391 529 3440 testimonia
549 3391 660 3440 Elzcrir.
678 3396 752 3441 1640.
787 3391 963 3440 Liber·Gudii
982 3400 1009 3440 ct
1028 3392 1088 3440 edd.
1101 3394 1240 3448 nonnullas,
1251 3395 1339 3443 nullius

236 3462 324 3516 status,
342 3455 410 3518 quod
427 3456 528 3516 recepit
544 3455 685 3510 Gesrrerus,
710 3470 759 3505 nec
783 3455 889 3504 damnat
913 3457 1041 3504 Sclrwara.
1058 3456 1119 3518 quia
1135 3466 1218 3504 status
1235 3459 1338 3518 quidem

238 3522 295 3583 ipse
306 3519 535 3579 salvusmanserit‚
552 3518 598 3566 sed
617 3520 776 3582 quorundam
786 3520 889 3568 ciuium
904 3527 986 3570 status
999 3537 1013 3570 a
1025 3519 1185 3571 delatoribus
1195 3521 1221 3568 in
1233 3521 1338 3570 dubium

731 3639 838 3689 NOTAE

245 3719 431 3786 ,⁰Templrm]
473 3720 524 3769 Ubi
554 3719 673 3768 serarium
701 3727 767 3769 erat.
808 3719 1001 3782 sarisjdugusti.
1019 3718 1133 3768 Deseris
1143 3719 1188 3767 ubi
1200 3709 1240 3768 res
1251 3731 1338 3767 vaena-

239 3799 291 3848 Hic
307 3798 385 3859 euim,
406 3797 466 3860 quia
481 3797 525 3858 jus
539 3796 684 3858 dicebatur,
695 3794 767 3844 dela·
807 3795 845 3842 les
856 3793 1085 3857 prostabant,quae
1097 3796 1339 3851 circitcrlamrant,

238 3883 310 3923 tores
322 3873 511 3934 grassabantur.
810 3869 870 3932 quia
886 3868 927 3917 hic
940 3883 990 3917 uon
1002 3871 1095 3932 agitur,
1108 3870 1172 3918 nibil
1185 3871 1253 3918 dico.

272 3956 285 3990 Ρ
304 3949 403 4012 Forum]
420 3949 486 3996 Fora
507 3948 532 3994 in
546 3947 617 3996 Urbe
634 3947 686 3995 tria
705 3951 768 3995 tunc
841 3953 853 3987 1
870 3943 1021 3993 Testamenta
1031 3943 1141 4006 securu]‘
1155 3944 1338 3995 confiscaban-

239 4034 312 4074 erant
319 4025 468 4088 judiciaria.
492 4027 516 4072 1.
535 4022 687 4080 Rorrranum,
699 4021 767 4084 quod
810 4021 867 4069 tur'
879 4023 947 4070 enim
960 4029 966 4048 ¹
980 4021 1143 4070 alienissimae
1156 4021 1339 4080 lrarcditates;

239 4101 377 4149 dicebatur
389 4113 519 4162 magnum,
530 4099 555 4146 in
567 4113 617 4160 quo
627 4101 719 4146 rostra.
743 4101 766 4145 2.
808 4100 848 4146 vel
860 4097 990 4147 existente
1002 4112 1051 4145 uno
1062 4097 1107 4161 qui
1120 4097 1219 4146 diceret
1237 4094 1338 4146 audisse

240 4177 408 4227 ForumJulii
420 4175 540 4226 Caesaris.
567 4178 591 4224 8.
604 4174 698 4222 Forum
707 4171 765 4222 Cte-
806 4187 833 4222 sc
842 4187 875 4222 ex
883 4171 1081 4236 defuncto,cum
1090 4173 1199 4228 viveret,
1207 4170 1338 4222 haeredem
