3100 4854
230 341 295 414 iou
589 363 623 414 c.
645 362 767 413 rursu
791 353 959 438 sncuupr

231 510 304 572 cias
321 523 364 570 es
380 505 585 590 provinciis,i
595 495 652 570 'cx
668 508 765 572 bellis
780 508 882 586 bella,
896 501 1096 573 mandaretl¹
1139 507 1172 572 c.
1196 503 1325 576 Eodem

228 607 319 672 illum
332 609 379 671 uti
389 607 463 691 jure
485 627 588 691 posse
604 616 711 693 putes,
735 611 870 674 eumad
891 611 1068 693 imperium
1089 620 1239 689 revocet,
1249 631 1326 696 »quo

230 711 274 780 sir
284 729 379 787 usus,
395 729 473 775 cunr
486 711 530 774 ad
545 712 730 775 exercitum
743 712 871 775 miserit
880 711 911 792 ς’
932 711 1081 795 nihilque
1092 712 1263 790 interesse,
1277 715 1325 776 ire

228 813 387 895 legatum,
403 813 446 874 an
465 812 572 878 redire
588 813 789 896 Principem,
807 814 946 895 jubeat;
968 810 1034 876 nisi
1055 811 1144 897 quod
1161 814 1268 898 major
1282 813 1327 879 sit

229 912 380 996 obsequii
396 913 501 994 gloria
511 913 546 976 in
559 931 614 990 eo,
626 914 715 995 quod
731 913 809 995 quis
823 913 933 976 minus
947 913 1038 978 velit.

272 1013 362 1080 Gan.
381 1029 420 1078 x.
454 1013 497 1092 ¹l.
520 1015 678 1096 Augebat
693 1013 925 1082 auctoritatem
938 1013 1143 1100 jubentia-in
1160 1033 1324 1080 summum

228 1115 407 1180 discrimen
424 1116 604 1182 auctoritas
623 1114 697 1198 ejus
717 1114 884 1180 adducta:
906 1122 1009 1200 utque
1023 1116 1130 1198 magis
1144 1116 1325 1198 parendum

229 1218 408 1301 imperanti
433 1225 583 1300 potares,
610 1215 818 1282 efficiebatur
838 1235 892 1294 eo,
916 1217 1008 1300 quod
1031 1219 1075 1282 ab
1097 1215 1195 1281 aliisl
1217 1218 1326 1282 minus

228 1319 419 1400 parebatur.
465 1321 497 1382 2.
519 1318 579 1384 Aa
597 1319 661 1383 boc
687 1317 850 1386 audiebas
878 1327 1017 1385 senatos
1037 1317 1222 1402 populique
1244 1337 1324 1383 con-

228 1416 386 1484 sensum.k
430 1420 510 1484 Non'
524 1421 641 1485 ..nnius
665 1418 788 1485 Nervae
807 1418 975 1504 judicium
1004 1418 1100 1494 illud,
1122 1419 1180 1482 illa
1205 1418 1325 1482 electio

228 1521 313 1586 luit:
337 1541 423 1598 nam,
438 1523 497 1604 qui
512 1522 635 1604 nbique
650 1527 728 1589 sunt
742 1519 908 1595 homines,-
928 1519 995 1584 boc
1015 1520 1104 1584 idem
1120 1519 1207 1583 votis
1222 1537 1327 1603 expe-
1402 1599 1405 1614 „

230 1623 367 1688 iebant:
397 1624 456 1687 ille
478 1629 607 1688 tautum
623 1621 701 1704 jure
724 1620 892 1703 Principis
917 1622 1108 1704 occupavit,
1130 1621 1325 1704 primusque

149 1795 155 1804 ι
228 1723 317 1799 fecit,
333 1725 423 1808 quod
439 1724 560 1789 facturi
577 1741 691 1787 omnes
706 1728 807 1788 erant.
853 1721 938 1799 Nec,
961 1717 1132 1800 Hercula,¹
1153 1727 1325 1804 tantopere

229 1827 359 1892 cunctis
379 1825 503 1892 factum
527 1827 688 1910 placeretr
709 1824 774 1902 nisi
792 1824 979 1908 placuisset
995 1828 1081 1898 ante,
1097 1841 1199 1906 quam
1218 1822 1324 1892 fieret.

263 2026 274 2059 ⁶
289 2029 342 2083 Quo
353 2041 408 2077 usas
419 2031 455 2076 est
463 2040 517 2076 cum
528 2031 552 2076 te
562 2021 667 2089 legatitis
677 2029 709 2076 od
718 2023 935 2082 exarcitumrmisit.

676 2186 862 2209 NWNNOOO

229 2300 279 2350 alia
290 2313 379 2348 marrus
392 2299 418 2346 in
429 2299 542 2360 margine
563 2299 670 2364 adiecit,
683 2303 870 2362 paratoque-6
888 2299 986 2349 Omnes
1005 2300 1068 2350 Mra.
1088 2300 1180 2364 quibus
1197 2301 1324 2352 Schwarr.

228 2369 298 2420 risus,
311 2365 407 2414 liabent
418 2364 469 2423 illo,
481 2375 507 2412 et
520 2365 644 2414 omittunt
656 2366 734 2416 rerba
744 2379 810 2428 posse
818 2371 897 2428 putea.
928 2365 978 2414 Sed
989 2362 1057 2416 illum
1068 2367 1165 2427 primus
1178 2365 1249 2414 dedit
1261 2365 1325 2416 Cns-

228 2430 325 2491 pinian.
348 2436 375 2478 et
398 2429 480 2478 suasit
501 2429 580 2480 etiarn
602 2429 713 2494 Lipsius.
752 2431 923 2492 'Receperunt
944 2428 1039 2478 deinde
1063 2431 1141 2478 etiarn
1164 2429 1277 2479 Gesner.
1298 2437 1326 2479 et

149 2551 154 2560 ‚
227 2494 354 2542 Schwarr.
363 2493 406 2556 qui
419 2502 505 2542 tamen
516 2499 631 2553 monent,
640 2508 717 2572 posse
729 2502 756 2544 ct
768 2493 808 2541 illo
819 2493 890 2549 ferri,
902 2492 1017 2556 inprimis
1029 2493 1052 2542 si
1063 2508 1121 2542 cunr
1132 2493 1233 2543 Baudio
1244 2496 1326 2558 legas,

227 2559 258 2608 nd
269 2557 391 2622 imperium
402 2562 425 2605 te
436 2563 508 2607 nocet.
540 2559 713 2608 Servavrtillo
723 2557 847 2608 Arnrneu·
880 2559 966 2608 Verba
975 2573 1044 2622 posse
1051 2564 1120 2621 puter
1132 2559 1227 2622 primur
1238 2559 1327 2623 prodi·

227 2623 267 2672 dit
278 2621 424 2683 Catabana,
440 2631 467 2671 et
484 2630 640 2686 receperunt
652 2637 709 2672 cnm
723 2623 880 2688 Cusplrriauo
892 2624 1049 2672 recentiores
1066 2621 1121 2672 fere
1140 2638 1238 2672 ornnes.
1272 2622 1326 2672 Pro

227 2691 319 2736 reuocet
330 2687 445 2736 Bandius
456 2687 523 2750 conj.
539 2693 563 2735 te
575 2695 650 2736 occet.
680 2687 745 2736 Cod.
758 2687 851 2736 Patav.
861 2692 888 2734 et
902 2687 965 2736 Exc.
975 2688 1049 2736 Voss.
1062 2687 1166 2748 legdtum
1176 2687 1220 2736 ire.
1244 2686 1326 2737 ‘eoa

227 2751 322 2810 Patav.
333 2751 381 2800 nisi
391 2753 450 2816 quod
461 2752 496 2802 sit
506 2749 581 2812 mnjm
592 2751 685 2816 obsequi
694 2752 773 2813 glorio
779 2769 790 2810 ,·
807 2751 850 2800 nbi
862 2749 930 2802 forte
940 2750 1033 2816 obsequti
1044 2766 1115 2801 more
1127 2752 1233 2816 antiquo
1244 2753 1327 2814 scrip·

227 2820 281 2864 tom
294 2830 340 2877 pro
352 2815 473 2878 obsequii)
489 2817 618 2866 Sclrwara.

260 2881 328 2928 Car.
342 2893 371 2926 x.
398 2884 411 2926 1
425 2880 498 2927 Vatt.
510 2883 535 2926 2.
545 2883 569 2928 4.
583 2887 609 2926 et
622 2879 734 2941 Guelpb.
745 2878 991 2939 arcio-itotemjobet.
1019 2879 1083 2928 Cori.
1095 2877 1186 2928 salisb.
1196 2878 1326 2926 auctoritas

226 2941 276 2998 eius
287 2943 403 3001 maimo,-
420 2941 465 2988 sed
477 2943 503 2989 in
515 2942 588 3003 cnjus
600 2942 715 3002 margine
732 2943 782 2990 alia
799 2957 875 2990 manu
894 2949 1010 2989 notatum
1030 2951 1080 3006 est,
1097 2945 1159 2991 alios
1176 2942 1271 3001 legere,
1282 2944 1326 2989 rui·

227 3009 306 3054 ducto.
332 3004 396 3053 Cod.
408 3005 502 3054 Vener.
513 3004 564 3065 einr
572 3005 702 3054 oudoritor
712 3007 823 3054 adducto.
846 3005 945 3067 Gierig.
956 3006 1024 3068 conj.
1036 3011 1106 3068 utque
1117 3013 1144 3055 tu
1154 3006 1239 3066 mgis.
1258 3005 1324 3054 Cod.

227 3071 324 3126 Venet.
335 3068 481 3134 afficiebatur
491 3084 527 3118 eo.
550 3071 611 3120 Vat.
621 3073 645 3119 d.
656 3077 685 3118 et
695 3069 810 3132 Gnelph.
820 3071 881 3132 quod
891 3069 920 3120 cb
930 3070 985 3118 otiis
993 3071 1130 3133 parebatur.
1163 3071 1217 3120 Pro
1227 3070 1325 3132 portbr-

225 3139 275 3190 tur,
287 3133 345 3183 cod.
363 3135 457 3183 Palas.
476 3133 555 3184 babet
568 3132 760 3196 potiebare-2
776 3135 836 3182 Vat.
849 3138 875 3184 4.
885 3141 913 3183 et
924 3132 1036 3198 Guelpb.
1047 3149 1093 3184 aon
1104 3136 1146 3199 qui
1156 3135 1249 3198 ubique·
1281 3135 1327 3186 Sic

226 3206 254 3248 et
264 3199 290 3247 in
299 3199 375 3248 codd.
385 3199 493 3247 aliorum
505 3199 660 3262 scriptorum
672 3198 770 3247 librarii
784 3197 926 3261 particulas
940 3213 996 3248 arm
1014 3206 1042 3248 et
1058 3214 1114 3262 aon,
1132 3209 1241 3262 propter
1257 3213 1325 3248 corn·

227 3263 350 3326 pendium
370 3264 517 3326 scriptura,
535 3263 715 3312 confuderunt.
738 3263 799 3312 Vat.
817 3267 843 3311 1.
857 3263 920 3311 notis
935 3262 1074 3324 expetebant
1080 3279 1090 3320 ,·
1107 3263 1165 3311 cod.
1185 3265 1277 3312 Patav.
1299 3269 1326 3311 et

227 3327 292 3376 Exn.
301 3329 378 3376 Voss.
388 3328 450 3376 cotis
459 3327 622 3389 expectabunt.
648 3327 731 3376 Codd.
743 3329 805 3376 Vat.
814 3330 839 3376 d.
849 3335 876 3374 et
888 3326 999 3389 Guelph.
1010 3328 1100 3389 primas
1106 3327 1174 3384 fecit.
1199 3325 1264 3377 cod.
1276 3326 1326 3375 Pa·

228 3399 281 3440 tau.
293 3392 359 3440 Exc.
367 3391 442 3440 Voss.
451 3391 512 3440 edd.
523 3391 641 3442 sichard·
651 3392 734 3440 Brun.
745 3398 773 3440 et
782 3391 904 3441 Arntnen.
915 3394 976 3455 quod
984 3390 1245 3450 omaessoctarierort.
1264 3391 1324 3440 Alo.

720 3565 830 3618 NOTAE

249 3682 266 3718 ·¹
281 3679 310 3732 δι’
318 3680 453 3744 morineias
462 3693 494 3728 an
503 3678 644 3742 proviaciis]
660 3679 688 3730 Si
697 3685 757 3743 port
829 3675 841 3710 ¹
858 3677 961 3726 Senum
974 3678 1099 3742 populique
1116 3679 1263 3743 commum]
1280 3679 1325 3729 Se·

225 3763 302 3809 unam
313 3756 521 3808 administratam
533 3755 703 3819 provinciam,
720 3755 756 3803 al·
796 3761 885 3804 natam
903 3753 1077 3816 populumque
1087 3753 1153 3802 hanc
1165 3760 1235 3802 tuam
1245 3754 1326 3817 adop·

226 3836 309 3885 terina
321 3833 567 3884 administrationem
580 3833 628 3883 tibi
639 3831 757 3882 commit·
796 3830 893 3879 tionem
910 3826 1087 3878 commonibus
1106 3829 1173 3878 rotis
1193 3831 1325 3892 postulan-

226 3917 305 3975 terat,
315 3921 343 3961 et
355 3925 406 3960 uuo
418 3910 487 3959 bello
500 3909 630 3972 confecto,
641 3908 717 3959 alteri
729 3915 755 3958 te
796 3912 858 3954 tem

226 3989 383 4052 praeficeret,
395 4001 478 4038 annon
486 3985 701 4049 obtemperares?
827 3977 835 4012 ¹
851 3977 967 4040 Hercule]
991 3977 1041 4026 Vel
1062 3976 1160 4034 Hercle,
1183 3978 1258 4043 quasi
1277 3991 1325 4042 par

257 4063 266 4108 t
283 4062 570 4126 adumbratorum
587 4063 663 4118 enirn,
673 4067 701 4111 et
712 4075 755 4112 eo·
795 4057 945 4108 Herculem·
962 4056 1067 4128 'Parent¹
1079 4056 1217 4106 Eunucho:
1234 4056 1325 4105 ‘Her-

228 4151 284 4184 rom
299 4139 417 4199 exemplo
435 4138 581 4201 complures
599 4138 652 4201 alii,
662 4136 752 4187 adrer-
796 4135 904 4193 cle,boc
916 4132 1016 4184 iactum
1028 4131 1086 4184 est.'
1104 4134 1139 4184 Et
1150 4133 1194 4183 ubi
1207 4147 1258 4184 non
1268 4132 1326 4195 ejus

229 4225 271 4260 sur
282 4211 395 4263 Nervam
408 4211 574 4262 rebellarant.
795 4211 833 4260 rei
842 4209 979 4274 exempla?
