3088 4848
548 335 830 424 ruu'ucunruus.
850 414 853 422 ,
875 377 900 422 r.
921 361 973 424 56.
1236 367 1302 433 279

212 513 267 580 rei
291 510 493 595 praetervehi
522 510 673 577 debenti
717 511 833 590 Quod·
850 524 1059 595 momentum,
1083 520 1174 603 quod
1196 523 1300 606 trumo

213 616 371 696 temporis
386 618 556 695 puuctum,
568 612 794 678 autbenefioio
805 614 942 692 sterile,k
958 628 1016 682 eut
1026 622 1300 688 vncuumlnudei

212 713 296 777 Non
319 714 433 777 omniu
455 713 630 796 ejusmodi,
651 720 688 778 ut
710 715 748 778 is.
761 716 889 798 optime
911 722 944 782 te
964 717 1123 784 laudasse
1137 721 1300 803 videntur,

213 817 272 898 qui
288 815 470 878 narraverit
480 814 699 880 fidelissimei
744 815 822 894 Quo
837 817 883 892 fir,
893 825 929 881 ui
941 839 1047 900 prope
1059 821 1093 883 iu
1105 821 1301 890 immensum

214 915 419 980 diffundetur
447 915 552 980 oratio
581 935 677 996 meu3
699 925 734 980 et
759 917 900 980 necdum
929 917 972 982 de
1002 920 1136 985 biennio
1160 920 1301 1005 loquor.¹

211 1017 244 1079 3.
266 1015 381 1095 Quem
393 1016 498 1080 multa
513 1016 584 1082 dixi
600 1017 642 1080 de
655 1017 894 1096 moderatione,
904 1028 938 1084 et
946 1027 1069 1103 quanio
1082 1023 1177 1106 plura
1189 1023 1300 1088 adhuc

210 1119 358 1182 restnuti
382 1124 420 1180 nt
439 1117 530 1193 iliud,
548 1117 639 1200 qund
661 1119 1107 1186 secuudum'cuusuleiumm
1131 1125 1300 1208 recepisti,

211 1221 291 1302 quia
310 1219 469 1302 princeps
486 1224 520 1282 et
542 1225 632 1300 puter
647 1219 828 1285 deserebat.
873 1221 929 1297 Ar,
946 1229 1120 1308 postquam
1136 1224 1178 1288 nd
1194 1232 1224 1288 ie
1239 1227 1301 1290 im·

153 1313 156 1319 ’
210 1320 299 1403 perii
309 1339 484 1395 summum,
498 1324 533 1382 et
546 1339 623 1382 curu
638 1322 781 1384 omnium
797 1329 997 1396 resumtum
1013 1324 1115 1388 etium
1124 1325 1176 1387 tui
1187 1330 1300 1407 potes·

211 1425 325 1497 tutem,
343 1421 400 1484 Dii
416 1417 650 1497 transtulerunt,
666 1423 796 1487 tertium
812 1424 1021 1488 consulatum
1036 1427 1206 1502 recusasti,
1222 1445 1299 1490 cum

211 1539 307 1601 agere
320 1529 390 1584 tum
406 1522 531 1584 bouum
550 1523 719 1586 consulem
736 1541 862 1605 posses.
905 1525 937 1588 4.
960 1522 1119 1604 Magnum
1135 1531 1215 1602 est,¹¹
1237 1528 1298 1594 dit-

209 1621 293 1684 ferre
308 1619 482 1698 honorem;
504 1620 653 1701 gloriam,
668 1621 786 1704 majus.
813 1621 956 1687 Gestum
973 1624 1178 1689 consulatum
1190 1627 1297 1706 mirer,

211 1739 254 1784 nn
270 1739 333 1784 non
348 1726 518 1808 receptum
527 1719 566 1784 is
605 1720 731 1787 Gestus
747 1741 812 1786 nun
831 1723 865 1786 iu
881 1723 943 1787 hoc
959 1723 1061 1788 Urbis
1077 1725 1157 1802 otio,
1172 1734 1207 1791 et
1222 1727 1298 1793 inii·

207 1951 213 1962 ,
236 1903 252 1946 s
268 1907 383 1958 Utrumne
392 1911 476 1961 mirari
486 1913 565 1976 debeo,
574 1915 720 1976 cassinium
729 1930 795 1978 quem
804 1914 910 1977 gauere,
919 1928 952 1963 uu
962 1927 1029 1976 quem
1038 1910 1166 1962 recusasti?

206 2166 365 2226 metientia
381 2180 469 2218 omnes
485 2183 547 2219 uero
565 2170 641 2222 codd.
653 2178 680 2219 et
691 2176 758 2234 optt.
769 2163 828 2220 edd.
840 2172 901 2234 quod
911 2168 1055 2232 cujusquam,
1072 2170 1113 2231 ξι.
1128 2172 1156 2217 οἱ
1167 2167 1206 2216 8ἱο
1216 2165 1298 2224 ‚0⁸⁰³-

206 2229 450 2293 uiminetGierig.
477 2235 514 2282 oei
524 2236 627 2284 transire
637 2235 680 2284 ed.
693 2235 724 2282 Ρ.
736 2235 829 2298 Steph.
864 2235 926 2297 quod
943 2235 1052 2295 cujusque
1068 2232 1243 2294 pactuatione.
1262 2232 1299 2282 ¹¹⁸⁸

209 2295 336 2354 tinemut,
346 2298 383 2344 uei
393 2298 544 2359 proeterneiu',
560 2300 641 2348 debent
653 2300 747 2348 Venst.
759 2303 783 2348 1.
818 2299 893 2357 Mox,
907 2300 969 2360 quud
979 2299 1045 2344 modo
1057 2297 1166 2359 temporis
1183 2304 1297 2359 puuctum

210 2358 267 2406 eod.
277 2359 369 2409 Pater.
378 2367 405 2408 et
415 2361 479 2409 Exn.
489 2363 566 2410 Voss.
592 2362 705 2420 Deinde,
714 2362 831 2426 proNun
842 2363 929 2420 omnic,
940 2361 1008 2424 quod
1021 2366 1126 2408 servunt
1136 2359 1213 2410 codd.
1222 2359 1297 2410 vati.

210 2423 235 2467 1.
247 2425 270 2468 2.
282 2425 306 2468 s.
317 2427 342 2471 4.
362 2423 442 2474 Paris.
453 2426 561 2475 Veneti.
571 2431 594 2476 1.
606 2431 631 2474 2,
650 2428 743 2475 Potor.
758 2425 852 2474 Suiisb.
868 2425 980 2485 Gueipir.
1000 2424 1171 2474 Schwsrzien.
1189 2432 1217 2470 et
1238 2423 1298 2472 edd.

209 2485 337 2548 piurimae,
350 2487 416 2535 Num
426 2489 503 2536 omniu
514 2490 644 2550 iegituriu
656 2489 716 2538 edd.
732 2487 792 2538 Aru.
809 2490 883 2539 Junr.
901 2488 992 2550 Steph.
1011 2489 1141 2534 Boxisoru.
1159 2486 1250 2536 Kircir.
1270 2493 1298 2535 et

209 2547 306 2598 Cellas.
333 2551 408 2609 Tum,
418 2549 568 2614 diffundetur
577 2556 672 2611 orutic,·
688 2557 712 2600 et
722 2553 816 2608 nedum,
825 2554 866 2613 nc.
879 2550 937 2597 eud.
947 2551 1089 2598 Percu-8
1109 2551 1180 2597 Vntt.
1189 2553 1213 2596 8.
1224 2553 1248 2597 t.
1261 2554 1297 2604 ut,

207 2613 268 2676 quod
279 2615 413 2674 remurinus,
424 2616 517 2662 omisso
529 2617 678 2676 pronomine
689 2615 757 2663 iliud.
790 2615 863 2666 Mox,
881 2615 907 2660 in
920 2613 979 2661 cod.
993 2612 1087 2662 Sslisb.
1098 2611 1235 2676 dfflerciun
1251 2625 1297 2672 pro

208 2673 337 2734 desmeint.
369 2675 377 2702 ‘
392 2675 457 2726 Here
468 2678 556 2733 tectio,
569 2679 615 2726 Dii
626 2679 809 2739 transtulerunt,
818 2678 972 2738 exprimitur
983 2676 1008 2724 in
1020 2675 1097 2724 codd.
1108 2676 1191 2726 Paris.
1202 2675 1298 2723 Ssiisb.

208 2745 237 2787 et
247 2739 343 2788 Venet-
355 2743 379 2788 2.
395 2741 421 2787 iu
433 2742 534 2790 excusis
547 2757 607 2790 uero
618 2742 690 2790 libris
701 2743 827 2790 duntaxat
840 2743 953 2790 Ruenao.
964 2747 992 2788 et
1010 2740 1092 2787 Gesn.
1103 2739 1211 2788 eundem
1226 2739 1297 2787 exiri·

209 2801 331 2853 buerunt.
366 2804 454 2852 Ceteri
465 2819 552 2856 omnes
562 2807 657 2856 hubent
668 2806 853 2863 transtulerim
864 2811 892 2853 ut
902 2803 957 2853 fere
966 2805 1078 2852 insolens
1090 2810 1139 2868 est,
1146 2803 1297 2852 adverbium

206 2871 331 2928 postquam
349 2867 386 2916 sie
405 2871 519 2918 construi
533 2884 591 2919 cum
613 2872 797 2934 conjunctivo.¹
812 2870 932 2918 Scissum.
965 2869 1048 2917 Penio
1060 2876 1127 2932 post,
1139 2868 1198 2918 eod.
1211 2867 1295 2917 Puris.

208 2931 323 2979 consulem
340 2947 386 2980 unu
400 2948 487 2996 posses.
520 2933 603 2984 ‘Cum
617 2934 699 2996 ogere]
718 2934 824 2989 Melius,
845 2947 885 2981 rue
901 2931 1002 2995 judice,
1022 2931 1079 2980 herc
1101 2945 1159 2980 eum
1179 2931 1298 2994 sequenti

209 2993 317 3056 periodo
328 2997 471 3046 continuari
483 3014 490 3046 r
509 2999 632 3047 recusasti.
651 3000 711 3046 Cum
720 3011 791 3058 cgere
810 3002 858 3046 tour
870 2997 954 3044 bouum
965 2997 1079 3044 consulem
1089 3009 1175 3057 posses,
1184 3010 1298 3057 mugitum

209 3063 261 3115 sets
277 3073 336 3108 nrm
347 3060 396 3108 hoc
409 3063 506 3122 tendet,
518 3063 572 3124 jam
583 3064 788 3125 experimentum
801 3063 839 3109 tui
850 3073 955 3121 ceperas
973 3066 1001 3107 et
1020 3059 1140 3118 dederas,
1155 3061 1182 3108 in
1198 3059 1297 3122 duplici

209 3124 363 3172 consulatu:
377 3138 503 3188 crrmergo
514 3127 551 3174 sio
559 3140 607 3189 pro
618 3140 675 3189 spe,
689 3132 733 3174 snt
743 3138 822 3187 suprs
831 3137 904 3187 spem
917 3122 1005 3182 fuerit,
1014 3121 1074 3184 quid
1085 3123 1171 3170 renuis
1182 3123 1298 3178 tertium.

210 3194 301 3248 paratu
318 3202 385 3236 novo
404 3199 495 3251 segete
514 3189 624 3252 gioriaei'
640 3189 709 3250 Lips.
741 3187 838 3250 ‘Cujus
857 3185 993 3235 senteniioe
1011 3185 1113 3234 accedit
1133 3185 1297 3241 Perizonius,

209 3262 295 3362 tit*
311 3247 1297 3367 'iiiiim··‘¹¹¹t''¹*³⁸n⁰t'¹t⁹t¹¹‘itintinnis,insiti

185 3365 189 3373 ,
265 3329 317 3364 r.—
378 3331 549 3367 escmuonss
588 3331 640 3366 cco
680 3351 687 3366 .
725 3331 772 3365 a.
811 3329 897 3378 uep.
1072 3348 1078 3363 .
1164 3345 1189 3368 .,
1256 3339 1297 3362 .-

704 3445 812 3498 Noun
830 3420 842 3516 j

242 3556 255 3590 ¹
272 3556 391 3622 Beneficio
404 3561 497 3624 sterile]
515 3563 579 3610 Eam
595 3561 663 3612 diem
675 3577 734 3626 per·
774 3560 875 3626 imperii
887 3572 962 3608 suno.
993 3557 1046 3607 Sed
1062 3557 1111 3605 hoe
1127 3555 1208 3606 fusius
1223 3557 1297 3608 initio

211 3629 308 3681 didisse
326 3647 354 3682 se
373 3635 459 3684 siebat
474 3635 558 3698 Titus,
567 3652 617 3702 quo
637 3640 734 3687 nulium
774 3635 1003 3689 demonstravimus
1015 3633 1039 3680 iu
1050 3632 1209 3682 PliniiVitn.

209 3705 237 3756 in
249 3723 392 3771 quenquam
406 3708 557 3759 beneficium
575 3715 734 3762 contulisset.
805 3712 974 3760 ¹1¹Secundum
994 3709 1149 3770 consumtum]
1172 3707 1297 3769 dfrejsnus

208 3781 295 3830 Multo
311 3796 372 3830 vero
384 3783 572 3834 munificentior
585 3784 636 3836 fuit
646 3789 735 3852 Trejn·
775 3801 868 3836 sunium
880 3798 959 3846 egeus
967 3786 1009 3830 44.
1020 3781 1054 3828 eb
1064 3781 1219 3841 imperatore
1229 3781 1296 3829 Ner·

209 3869 269 3914 nus,
286 3857 328 3920 qui
346 3871 377 3905 ue
394 3865 548 3909 momentum
569 3862 670 3924 quidem
686 3863 734 3913 sibi
775 3879 806 3912 re
817 3860 955 3912 secuudum
966 3857 1054 3906 consui
1066 3853 1150 3904 suctus
1161 3863 1209 3905 est.
1229 3857 1296 3908 Vide
1340 3865 1342 3869 ’

209 3929 278 3980 elebi
291 3930 446 3996 petiebatur,
457 3935 517 3996 quin
532 3935 608 3984 alicui
625 3951 734 3987 commo·
774 3953 851 4002 supra
861 3938 887 3985 iu
896 3933 1002 3997 'l'rujrrni
1013 3933 1083 3987 Vite.

212 4007 298 4056 deret.
390 4063 393 4068 ¹
806 4023 819 4049 u
844 4015 961 4074 Magnum
978 4007 1026 4069 cst]
1052 4007 1174 4068 Magnum
1192 4013 1232 4054 est
1251 4006 1299 4058 uit·

246 4074 258 4118 ι’
270 4086 306 4134 Dc
316 4081 408 4134 biennio
416 4084 508 4148 loquor]
524 4085 594 4136 Hinc
605 4093 677 4150 putet
691 4089 735 4151 huy
774 4091 844 4142 ferre
856 4088 1041 4152 magistratum,
1058 4082 1141 4144 majus
1153 4095 1212 4132 reso
1223 4085 1297 4147 qrrid-

210 4155 291 4210 bitsm
311 4159 376 4209 hene
393 4159 530 4210 cretionem
543 4163 621 4212 tertio
633 4165 735 4228 Trsjnni
776 4167 843 4232 pium
862 4165 966 4214 dilatem
981 4159 1047 4208 velie
1065 4156 1181 4219 glorium,
1196 4174 1252 4226 quse
1264 4175 1298 4212 ex
