3112 4852
223 363 289 428 224
584 377 616 424 c.
640 373 762 423 rnrsrr
788 371 979 423 securior·

223 523 369 585 victimae
382 529 399 554 ⁸⁷
420 539 521 602 snpra
536 520 753 600 sangninem¹
775 519 954 584 noxiorum
974 515 1016 580 sd
1033 517 1127 582 lenta
1141 515 1322 598 supplicis,

221 622 458 705 gravioresque
472 641 605 704 poenae,
620 621 827 686 ducerentur.
871 623 902 682 b.
927 618 1085 700 Congesti
1110 627 1191 680 snnt
1214 620 1247 680 in
1262 635 1321 680 aa·

222 723 312 806 rigia
326 725 446 806 raptim
464 724 665 806 conquisita,
689 729 726 785 nt
748 720 1013 802 tempestatibus
1035 717 1160 784 deditil
1185 707 1321 793 abirent,

221 826 459 907 fugerentques
475 831 626 888 vastatas
637 821 866 886 delationibus
878 829 1002 899 terras3
1019 837 1077 896 «sc,
1090 820 1227 901 siquem
1239 818 1322 882 iinc-

221 935 277 989 tus
292 945 333 1002 ac
349 925 506 1009 procellae
523 924 675 1007 scopulis
690 928 931 1000 reservassent,
949 923 1003 984 hic
1019 922 1108 985 nuda
1123 939 1210 984 saxa
1224 927 1256 984 et
1271 921 1320 982 iu·
1366 967 1372 990 .,

220 1027 386 1109 hospitale
401 1026 496 1090 littus
522 1026 701 1104 incoleret3
725 1032 836 1108 ageret
858 1025 974 1088 duram
994 1031 1027 1088 et
1046 1025 1183 1087 anxiam
1206 1025 1319 1099 vitam,

221 1128 406 1209 relictaque
430 1133 509 1209 post
533 1133 658 1208 tergum
680 1125 785 1190 totius
813 1126 945 1207 generis
969 1123 1104 1188 bornuni
1126 1126 1319 1200 securitate,

221 1232 413 1292 moereret.‘²

264 1328 355 1394 Gne.
372 1343 501 1391 xxxa
531 1327 563 1390 1.
587 1326 814 1392 Memoranda·
823 1327 971 1391 leeiess⁴
992 1325 1182 1389 delatorum
1195 1324 1324 1388 classis

221 1431 388 1512 permissa
411 1429 568 1493 omnibus
592 1430 727 1505 ventis,⁸
750 1435 949 1510 coactaque,
965 1427 1041 1490 vela
1063 1427 1320 1508 tempestatibus

221 1531 382 1612 pandere,
399 1531 567 1613 iratosque
586 1529 709 1592 doctos
734 1525 840 1610 sequi,
859 1540 1087 1610 quoscumque
1108 1527 1141 1589 in
1158 1527 1321 1608 scopulos

221 1629 428 1694 detulissent.
473 1625 621 1692 Juvebat
643 1633 858 1710 prospectare
882 1627 996 1690 statim
1017 1646 1038 1690 a
1057 1623 1179 1709 porta*
1203 1643 1321 1708 sparsa

220 1732 367 1812 navigia,
382 1735 414 1793 et
429 1729 522 1812 apud
542 1728 625 1792 illud
648 1728 760 1810 ipsum
783 1745 875 1792 mare
897 1745 996 1808 agere
1020 1728 1164 1811 principi
1181 1727 1339 1824 gratias,

252 1907 264 1940 θ
280 1906 366 1959 Samia
374 1909 426 1959 eine
436 1911 483 1960 tello
492 1910 593 1969 delectu,
604 1925 632 1959 aa
643 1908 772 1958 maritimis
774 1907 893 1983 fluetibus
905 1906 991 1982 traditi
1001 1911 1066 1957 suat.
1112 1971 1118 1982 ἱ

252 1979 262 2004 ⁶
279 1974 423 2037 Relictisqae
432 1979 486 2036 pou
497 1973 587 2024 abitum
598 1989 664 2022 mum
674 1973 760 2031 ceteris
770 1988 796 2020 sa
807 1975 870 2034 tuto,
880 1974 924 2020 sols
934 1985 981 2033 epse
992 1985 1082 2032 egram
1093 1975 1168 2020 catara
1178 1977 1285 2032 agerent.

253 2035 266 2068 ὅ
277 2038 432 2086 Memorabile
442 2023 608 2101 spbrtaerrlum.

681 2131 863 2151 cunm

221 2225 307 2273 Paulo
320 2230 387 2286 post,
401 2240 449 2286 pro
468 2226 593 2273 noxiorum
604 2225 741 2274 Catanaerrs
754 2225 805 2287 legi
820 2226 898 2287 jubet
910 2225 1077 2280 innoxiarum
1095 2230 1123 2271 et
1132 2223 1198 2271 lianc
1211 2223 1322 2272 varieta-

220 2295 273 2336 tem
286 2289 311 2336 in
324 2301 405 2349 marg.
416 2289 513 2340 babeat
527 2289 666 2339 Plrilarnus.
677 2290 712 2340 H.
721 2289 811 2351 Steplr.
822 2295 850 2338 et
862 2290 948 2338 Riviu.
968 2303 1039 2351 saper
1048 2288 1188 2348 unguium
1197 2289 1322 2336 amarum

219 2353 279 2402 eod·
300 2353 443 2402 Parsa-s
460 2353 533 2400 ‘Pro
552 2367 615 2404 vocs
634 2353 775 2415 wassaba,
797 2355 831 2402 el.
850 2353 984 2402 Gesnerus
1000 2353 1133 2413 ingeniose
1151 2351 1264 2413 conjecit
1280 2367 1320 2400 re·

220 2415 298 2464 scribi
317 2429 394 2478 posse
409 2422 517 2478 comula,
527 2425 555 2464 ut
567 2419 620 2466 siut
636 2427 707 2466 rates
720 2419 819 2466 sensere
831 2425 970 2477 contextae,
985 2431 1044 2480 qua
1057 2415 1132 2465 facile
1149 2417 1321 2464 solverentur.

220 2481 353 2534 Ceterum,
366 2495 413 2542 pro
424 2495 489 2532 vnce
500 2487 616 2535 amiatae,
627 2481 686 2532 eod.
697 2481 759 2532 Vnt·
769 2486 794 2532 4.
810 2490 837 2531 et
848 2481 962 2544 Gnelplr·
972 2481 1070 2530 habent
1080 2479 1176 2528 saetas!
1192 2481 1320 2528 Scissa.

220 2545 285 2592 Cod.
305 2545 398 2593 Peter.
419 2559 452 2598 ae,
465 2546 642 2607 tempestatibus
657 2546 740 2596 deda'ts'.
774 2546 842 2595 Vide
860 2547 935 2595 Nati.
946 2545 1023 2594 Vair.
1057 2545 1130 2593 Idem
1148 2545 1207 2593 aad.
1228 2546 1321 2593 Patav.

220 2609 299 2670 paulo
311 2617 379 2670 post,
388 2608 505 2667 tte-satta
514 2625 575 2660 saxa
585 2611 727 2673 iabaspr'tsle
738 2610 809 2662 litus.
843 2612 972 2674 Denique,
988 2623 1035 2673 pro
1050 2609 1185 2666 audate,
1198 2608 1257 2658 eod.
1268 2609 1319 2657 Ve-

220 2681 276 2722 ner.
287 2675 392 2736 exhibet
404 2676 524 2722 mactate.
727 2719 730 2728 ,

253 2737 320 2786 Cae.
339 2750 428 2786 xxxv.
463 2741 476 2784 1
495 2738 597 2787 Navius
615 2745 642 2786 et
660 2737 732 2800 Lips.
748 2743 772 2788 et
783 2738 1022 2801 aprsdiilurs,mnre,·
1039 2735 1115 2787 eodrl.
1129 2735 1213 2786 Paris.
1226 2737 1321 2786 Pater.

219 2799 315 2849 Venet-
329 2803 393 2850 Exc.
407 2801 484 2848 Voss.
501 2802 562 2850 edd.
579 2801 683 2850 Puteal.
698 2806 769 2852 llic.
788 2804 883 2852 Vener.
896 2805 969 2850 1498.
987 2802 1079 2850 Casan.
1092 2800 1153 2850 ars.
1164 2802 1241 2851 lunt.
1256 2801 1320 2849 Cus-

220 2865 274 2926 pia.
290 2865 407 2913 ereuaa.
419 2864 510 2926 Stspb.
522 2865 630 2914 Arcens.
643 2866 752 2923 ersten.
770 2873 794 2916 ei
810 2867 872 2927 apud
889 2867 956 2914 ittam
970 2865 1047 2928 ipsum
1057 2879 1138 2922 mare,-
1156 2864 1231 2913 ccdd.
1244 2864 1320 2913 Vatt.

220 2933 243 2974 i.
255 2932 280 2975 2.
292 2931 316 2975 8.
328 2931 352 2975 i.
369 2927 482 2988 Guelph.
493 2929 665 2977 Schwarzian.
676 2928 744 2976 (iud.
758 2933 781 2976 1.
792 2933 816 2977 2.
826 2928 886 2976 edd.
904 2929 1023 2977 Beroald.
1038 2931 1148 2978 Putenn.
1161 2928 1256 2977 cellar.
1269 2929 1320 2976 Pa·

219 2992 294 3038 tercl.
306 2990 370 3038 Cer.
381 2992 463 3039 Geso.
475 2990 564 3040 Arntz.
577 2993 610 3039 al.
621 2997 645 3040 st
657 2993 719 3052 apud
730 2991 789 3042 illud
800 2993 877 3053 ipsum
891 3006 964 3040 mare.
993 2993 1093 3056 ‘MareJ
1113 2993 1171 3040 Hoc
1183 3006 1319 3054 superesse

220 3054 340 3116 arbitror,
353 3061 380 3104 et
391 3068 425 3102 ex
437 3055 521 3118 glossa
533 3055 648 3104 vocabuli
661 3056 739 3118 ipsum
750 3055 940 3109 incomestum
952 3057 1098 3118 irrepsisse,
1110 3065 1154 3105 aut
1165 3070 1197 3104 ex
1210 3055 1320 3118 proximi

219 3118 338 3168 vocabuli
356 3119 525 3169 similitudine
540 3134 676 3183 perperam
688 3119 839 3182 repetitum,
852 3128 880 3169 ut
895 3120 929 3169 sit
940 3118 1079 3169 delendum
1091 3134 1194 3184 censeo,
1206 3128 1234 3168 et
1244 3121 1320 3182 ipsum

717 3273 826 3325 NOTAE

251 3393 267 3418 '
285 3387 459 3450 Piaeuiarew.
472 3403 492 3436 s.
513 3389 629 3451 victimer]
652 3387 750 3436 Dieun·
822 3385 964 3450 rAbirenr,
973 3387 1147 3453 frigescatque]
1174 3389 1239 3438 Haec
1258 3397 1321 3440 sunt

220 3467 263 3508 tur
275 3473 313 3508 ese
325 3475 383 3524 quae
395 3461 427 3509 ad
440 3463 523 3510 aliena
536 3463 635 3511 scelera
656 3463 750 3523 pianda
791 3461 960 3525 impreca'ntls
973 3463 1062 3525 rerba,
1075 3474 1102 3512 ut
1116 3479 1174 3512 mox
1188 3479 1211 3513 e.
1231 3477 1320 3513 xxxv.
1335 3517 1339 3524 ¹

219 3535 428 3584 immoisbantur.
470 3537 522 3586 Hie
540 3543 625 3584 autem
647 3535 751 3584 Plinius
789 3536 939 3598 ‘Ereptum
963 3537 1061 3588 alienas
1090 3540 1212 3602 pecunias
1240 3539 1321 3588 eunti

221 3612 369 3674 piaculares
381 3612 493 3674 publicae
512 3611 684 3661 solicitudinis
697 3613 749 3660 ric·
792 3611 905 3673 perdent
917 3625 980 3674 quas
998 3609 1112 3662 babent:
1130 3613 1262 3675 expellere
1275 3627 1319 3674 pe·

220 3688 297 3736 times
326 3688 442 3750 appellat
468 3687 607 3750 delatores,
643 3699 750 3750 qnorum
792 3687 1310 3751 natibusgestiuntisnisextrrrbentur.'

219 3775 284 3811 nece
297 3764 339 3827 qai
352 3764 400 3812 sibi
417 3763 449 3812 ab
466 3764 497 3812 iis
510 3764 601 3811 timere
615 3770 693 3810 antea
705 3773 751 3824 po·
823 3769 835 3796 ⁸
854 3763 946 3811 Classis
954 3765 1071 3826 permissa
1081 3781 1102 3812 o.
1114 3761 1205 3823 sentis]
1229 3761 1259 3810 ln
1278 3775 1319 3809 as·

221 3847 339 3902 tuerent,
351 3841 398 3896 bae
410 3855 471 3889 crrra
483 3840 650 3888 levabantur.
792 3840 918 3900 perriaras
930 3839 1025 3887 insulas
1040 3838 1247 3902 deportabantur
1265 3851 1321 3900 gra·

250 3921 263 3945 ¹
280 3913 609 3977 SuprusaagataemJSuper
621 3913 751 3962 cadavere
791 3913 860 3960 vium
873 3914 1000 3962 scelerum
1021 3915 1077 3973 rei;
1095 3920 1140 3961 aut
1158 3913 1236 3961 etiarn
1253 3909 1320 3960 ludl-

219 3997 264 4037 ant
277 3983 386 4051 vestigia
397 3990 581 4052 gladiatorum,
592 3989 676 4051 inquit
688 3989 749 4051 Lip·
793 3989 876 4037 brinrn
889 3990 974 4038 ventis
986 3987 1125 4037 dabantur.
1192 3991 1197 4001 ‘

219 4063 281 4110 sias.
316 4063 479 4113 Crediderim
503 4079 550 4126 ego
573 4077 661 4112 eornm
685 4076 773 4126 quos·
822 4062 969 4127 bAperta]
994 4063 1122 4122 Ostiensi,
1141 4063 1227 4127 inquit
1245 4061 1319 4111 Cats·

219 4137 292 4186 falsis
311 4138 483 4192 delationibus
502 4143 554 4191 suis
573 4141 661 4190 noxios
673 4137 750 4190 fecis·
790 4153 872 4190 nans.

220 4221 288 4262 seat.
