3050 4842
9 789 16 822 l

474 365 525 414 uu
550 364 828 412 eannornicun
853 363 990 412 rurnn.
1215 349 1280 412 tto

610 646 797 698 EXCURSUS
821 648 851 699 L.

188 856 193 876 ι
222 828 288 878 Cae.
299 839 375 876 exer.
387 829 412 876 2.
430 829 454 874 3.
471 824 584 888 Seditque
598 811 686 884 conoul,
698 825 803 888 principe
813 830 867 878 onte
877 830 1005 882 notanter
1021 830 1045 874 et
1060 825 1123 876 redit
1136 827 1281 890 minionem,

186 908 323 969 interi-itur,
338 911 363 956 el
373 911 483 968 tnnqrrurn
494 905 530 957 ilo
536 905 597 968 fieri
611 907 713 954 coleret..
738 905 875 961 Quinetiam
889 907 973 954 aedera
988 906 1090 968 proluit
1103 907 1280 970 jusjurandum,

186 995 212 1046 et
220 987 358 1046 illejurooe't
365 1001 376 1044 ,·
390 985 508 1048 repremit
517 986 698 1048 explorarique
708 985 789 1048 cerlo,
799 985 882 1048 quibua
895 991 967 1048 caput
976 1001 1052 1049 annm,
1063 989 1155 1055 domnia
1170 1002 1246 1047 enon,
1258 990 1280 1038 ri

185 1067 428 1128 reienlerjesellirrel,
439 1068 545 1116 Deorum
556 1067 600 1116 irc
608 1072 762 1116 conueroret.
793 1067 879 1116 Lorne
890 1066 932 1130 liic
941 1065 1036 1124 doduni
1046 1069 1096 1117 >rob
1108 1069 1191 1116 llninor
1204 1083 1278 1118 voce·

188 1157 230 1200 tua
245 1155 286 1200 ert
298 1164 314 1198 a
328 1149 463 1198 Brimonio
474 1147 508 1196 de
520 1148 648 1199 Formulir
663 1153 691 1196 et
707 1147 862 1200 solennibus
880 1148 975 1210 Popnli
995 1149 1105 1198 Romani
1117 1149 1221 1212 leobio,
1232 1151 1278 1198 lib.

184 1233 353 1291 n111.p.8ll.
386 1229 472 1279 Citeto
488 1229 557 1278 enim
573 1229 631 1277 loco
641 1243 676 1276 ex
687 1227 765 1276 Plinii
777 1228 950 1290 Panegyrico,
963 1228 1028 1284 Quin
1042 1230 1115 1278 etiem
1124 1231 1208 1278 redere
1216 1243 1279 1292 proe·

185 1310 233 1358 icit
254 1308 304 1374 (ric
324 1309 392 1358 eninr
411 1308 544 1372 emendo,)
556 1308 734 1370 judicandum,
750 1312 774 1357 et
793 1309 835 1358 ille
844 1309 948 1370 jurarit,
962 1311 1003 1372 qr.
1038 1309 1138 1371 Lipeinr
1155 1310 1233 1360 etiam
1251 1316 1279 1359 et

187 1389 389 1450 Ritterelrueiur,
405 1389 434 1439 in
452 1389 521 1438 notio
541 1389 572 1437 ed
590 1389 714 1449 Plinium,
732 1387 857 1437 medelam
877 1375 999 1437 attulere.
1031 1388 1153 1450 Inprimis
1171 1403 1233 1438 nero
1251 1391 1277 1439 in

185 1469 276 1520 eodem
288 1469 337 1518 lroe
346 1471 405 1519 loeo
413 1468 575 1519 emendando
585 1482 691 1532 opernm
702 1467 788 1531 posuit
799 1468 816 1520 J
819 1483 843 1516 o.
849 1467 918 1516 Frirl.
928 1468 1045 1517 Gronov.
1058 1467 1124 1516 Nou.
1134 1468 1199 1520 Oba.
1208 1483 1231 1517 c.
1239 1473 1279 1518 ro.

186 1563 247 1612 peg.
258 1552 316 1598 nul.
349 1549 402 1597 Hic
416 1549 484 1597 enirn
495 1549 575 1598 rerba
584 1548 643 1610 ieta,
661 1549 727 1604 Quin
738 1547 810 1596 etiarn
816 1548 900 1596 cedere
915 1547 1200 1609 prclnitjuejernndurq
1210 1549 1279 1598 linuc

184 1628 212 1676 in
223 1627 329 1680 modurn
339 1628 492 1688 corrigenda
507 1629 623 1678 centulli
648 1629 714 1684 Quin
725 1627 799 1677 elicio
815 1629 907 1688 eedem,
918 1626 1034 1692 (conoul)
1050 1627 1126 1676 rtonti
1142 1626 1280 1692 (principi)
1294 1629 1296 1636 ’

181 1708 280 1770 proicit
293 1707 471 1768 jnajeroaduer.
504 1709 677 1773 Participium
697 1709 773 1758 rturti
793 1715 905 1762 tentatur
923 1709 1049 1770 scripturn
1070 1721 1127 1762 cere
1146 1707 1172 1756 iu
1192 1714 1281 1756 vetere
1361 1730 1365 1736 ·

185 1786 296 1851 quodam
307 1787 410 1850 codice,
425 1787 509 1851 (quod
526 1796 555 1838 et
569 1788 683 1839 Jacobnr
694 1788 727 1838 de
738 1789 764 1836 la
779 1789 871 1837 Baune
888 1788 913 1836 in
923 1787 1092 1850 langdunenri
1103 1787 1216 1842 editione
1225 1788 1280 1836 oni·

185 1867 343 1928 madrerrit;
368 1868 457 1924 credo,
476 1881 533 1920 ecee
554 1868 696 1918 editionem
718 1868 895 1931 Gryphianum
915 1883 956 1916 en.
969 1871 1043 1918 litt.
1061 1866 1087 1916 in
1103 1882 1156 1931 qna
1174 1868 1281 1928 legitur,

184 1947 314 2008 quinctiano
324 1949 407 1997 cedern
416 1951 493 1998 etnatr'
503 1949 616 2012 prolicit,
625 1950 677 2013 qo.)
689 1948 785 2004 deinde
798 1950 879 1998 vicem
891 1949 934 1996 roi
943 1947 1053 2010 petiuit,
1061 1948 1116 1996 aine
1128 1946 1207 1996 dnbio
1217 1949 1280 1996 ecri-

184 2024 298 2075 bendum
308 2027 442 2076 enietlnrat
454 2029 725 2090 Gronoriuaprcioitr
735 2027 872 2090 quomode
882 2037 910 2076 nt
924 2028 1027 2090 Lipaiae
1038 2026 1279 2090 Ritterrhneineqne

184 2106 323 2156 noluerint.
356 2108 434 2159 Quod
445 2108 550 2158 verbnm
562 2109 640 2158 etiem
652 2109 783 2158 Livineius
795 2109 821 2156 in
835 2108 952 2157 editione
964 2107 1073 2171 quadem
1091 2106 1277 2168 Antrerpionoi

183 2199 224 2234 an.
248 2189 320 2236 teta
341 2188 475 2250 ceteroqui
491 2201 542 2236 nou
560 2187 638 2250 orale,
656 2187 765 2238 invenit.
799 2187 929 2236 Nimirum
946 2201 979 2236 ea
991 2194 1078 2244 vetere
1089 2186 1276 2236 conruetndine'

183 2265 336 2327 reipublice
348 2266 449 2327 liberm,
459 2268 587 2322 cruenter,
597 2274 625 2317 et
642 2267 720 2316 initio
737 2267 903 2330 megletrotnr
917 2267 1049 2330 jrnnrunt,
1060 2279 1091 2316 ao
1107 2266 1177 2327 leger
1190 2280 1278 2317 serva·

183 2350 277 2405 tnroe;
294 2350 333 2404 et,
351 2359 408 2394 enm
430 2347 534 2395 oliirent
555 2348 719 2410 magistratu,
737 2347 827 2397 itidem
847 2345 1018 2410 jrrejnnodo
1034 2345 1229 2408 confirmarunt,
1249 2359 1277 2395 ee

183 2424 256 2487 leger
265 2438 392 2474 aereaere.
426 2426 475 2474 Cni
487 2427 670 2476 coeerretndini
688 2441 746 2475 enm
761 2428 803 2475 alil
815 2427 953 2489 principer,
964 2427 1024 2474 drrm
1035 2425 1120 2478 saccea
1131 2426 1278 2474 consulares

183 2504 344 2566 susciperent
363 2506 584 2570 deponerentque,
604 2521 635 2554 ec
648 2519 736 2567 neque
753 2506 921 2568 expromere
937 2505 1131 2563 aubdnrrieeent,
1152 2513 1278 2567 tenqnanr

182 2582 260 2632 liberi
272 2585 383 2648 elegum
402 2586 514 2635 civilium
527 2586 647 2646 vincnlcq
665 2585 765 2636 Plinina
782 2586 899 2641 miretur.
919 2584 1100 2648 collaudatque
1111 2585 1215 2648 Trajeni
1231 2584 1277 2631 iro·

181 2666 315 2726 peratorir
327 2665 532 2716 moderationem
546 2682 575 2715 oc
587 2667 750 2726 civilitatem,
761 2668 828 2730 qnod
842 2665 893 2724 liic,
903 2672 931 2713 et
943 2665 1054 2713 initnrna
1066 2664 1239 2724 eonsuletnm,
1251 2671 1279 2711 et

181 2743 274 2793 eodem
286 2743 413 2800 abitrrrnr,
424 2745 481 2808 ipra
500 2747 570 2796 ultro
588 2761 617 2796 ae
634 2746 735 2808 legibue
751 2745 892 2808 rnbjecerit
899 2745 1097 2808 jnraveritque.·
1120 2743 1203 2794 Sicuti
1215 2755 1276 2792 rero

182 2822 211 2872 iu
223 2824 320 2872 solenni
333 2825 494 2887 precatione,
505 2825 542 2874 ito
561 2833 588 2874 et
599 2826 626 2874 in
641 2825 822 2888 jurejurando,
834 2825 927 2889 oliqnir
938 2825 971 2874 de
987 2825 1097 2889 aeripto,
1114 2824 1157 2874 rel
1167 2821 1277 2885 crpule-

181 2900 240 2950 licie
252 2901 359 2965 tabella,
366 2905 462 2965 preire,
472 2911 499 2952 et
509 2905 582 2968 queri
598 2904 724 2968 praeloqui
743 2919 774 2954 oc
783 2905 885 2954 dictare
900 2903 999 2953 uolebat
1011 2903 1098 2959 rerba,
1110 2917 1167 2966 quoe
1186 2915 1276 2964 preca·

181 2981 235 3030 tnri
253 2982 419 3046 juretnrique
435 2992 613 3048 aequereotnr,
635 2992 712 3048 etque
724 2986 917 3047 exprimerent:
934 2983 960 3032 id
972 2982 1041 3046 qnod
1061 2983 1148 3034 mulne
1158 2989 1275 3030 veterum

182 3059 337 3109 tertimoniis
349 3062 527 3125 exemplirque
535 3069 649 3112 coortat,
678 3064 802 3112 Demere
815 3061 946 3124 prreeuudi
959 3076 1033 3110 roera
1043 3063 1166 3121 carmine,
1176 3061 1277 3110 Plinina

181 3138 280 3201 Major,
296 3153 401 3188 xnrrrr.
411 3147 434 3190 2.
453 3149 460 3170 ‘
473 3141 610 3202 Vidimna‚'
622 3143 716 3206 iuquit,
728 3143 826 3194 ‘certic
843 3141 1034 3204 precationibue
1046 3141 1195 3191 obrecrerre
1209 3155 1276 3189 iurn-

182 3231 237 3268 rnoe
255 3220 441 3282 magiatrotne:
470 3222 505 3269 Et
527 3235 559 3268 ne
581 3221 642 3285 quid
660 3221 796 3270 verborum
819 3225 1000 3283 proterretur,
1022 3227 1067 3268 ant
1088 3226 1275 3282 praeposterum

181 3297 295 3359 dicetur,
317 3299 349 3348 de
364 3299 467 3362 ¹acripto
487 3300 581 3361 preire
599 3300 720 3364 eliqnem,
735 3314 875 3363 roreuaqne
895 3299 972 3348 aliurn
991 3299 1124 3348 custodem
1143 3298 1208 3352 deri,
1230 3299 1274 3362 qui

181 3377 311 3432 attendat,
324 3378 401 3426 olium
413 3393 474 3430 rere
487 3379 611 3440 preponi,
626 3379 669 3441 qni
688 3377 773 3428 funeri.
789 3377 882 3440 lingnie
894 3377 1004 3440 jubeot;
1021 3377 1154 3428 tibicinem
1173 3391 1276 3439 canere,

181 3470 216 3504 ne
237 3457 298 3520 qnid
318 3457 387 3507 aliud
408 3457 581 3506 exaudietur.'
623 3457 698 3508 conf.
716 3458 773 3506 lie.
790 3471 830 3508 rx.
847 3462 871 3506 9.
889 3470 917 3506 x.
933 3461 974 3508 38.
992 3470 1093 3512 xxxix·
1113 3462 1153 3508 18.
1170 3459 1274 3508 etvrl.

180 3537 256 3586 Max.
276 3551 313 3586 iu.
333 3541 355 3586 l.
378 3542 417 3586 1⁰.
457 3538 497 3586 De
515 3553 585 3588 more
598 3536 923 3600 precandi-jurejurando
942 3552 991 3588 nec
1012 3539 1136 3600 pauciora
1155 3544 1274 3600 praetant

182 3615 347 3673 documenta,
380 3617 423 3665 Sic
436 3616 505 3679 apud
518 3619 604 3667 Plaut.
618 3618 685 3668 Rud.
696 3622 797 3667 cml.
810 3631 883 3682 seqq.
894 3618 1046 3666 alteralteri
1060 3618 1136 3678 praeit
1143 3617 1274 3681 jnajurnn·

180 3695 261 3744 duur:
280 3697 351 3746 ‘Gru
362 3697 420 3757 ,Per
432 3697 562 3745 Venerem
583 3698 650 3746 hene
667 3697 807 3760 jurandum
827 3701 868 3764 ert
885 3697 941 3744 tibi.
960 3697 1008 3746 La.
1019 3695 1080 3758 quid
1093 3697 1204 3758 jurenil.
1215 3697 1272 3747 Gn.

178 3775 253 3837 qnod
265 3775 374 3836 jubeto.
409 3777 457 3824 La.
487 3776 557 3826 Proui
576 3777 661 3826 uerbis
680 3773 803 3839 qnidrir,'
823 3778 873 3826 &o
914 3775 1012 3824 Dicere
1033 3782 1118 3824 erilem
1143 3776 1272 3836 colebant,

181 3853 309 3917 ‘preire'
315 3861 325 3908 1‘
333 3854 427 3918 preire
440 3854 520 3917 voee,’
532 3855 642 3918 ‘preire
653 3855 757 3914 verbir,¹
768 3860 775 3883 ⁸
785 3853 877 3916 preire
886 3850 984 3914 rerba,’
994 3859 1040 3901 aut
1050 3853 1058 3882 ‘
1067 3855 1273 3916 cermenprreire

179 3933 216 3992 de
226 3932 344 3996 acripto,'
355 3935 362 3976 l
372 3949 405 3984 ex
416 3934 511 3984 rabolis
524 3933 652 3997 pnbllcie,’
664 3937 713 3985 &n
736 3931 859 3987 Germani
872 3931 999 3988 dicerent,
1009 3931 1077 3990 doen
1090 3933 1142 3994 nou
1153 3935 1271 3995 corlegen,
1303 3977 1307 3982 ,

179 4029 303 4076 mangelt,
324 4015 620 4078 communitorium.
662 4014 707 4064 Sic
731 4026 802 4073 roro,
823 4011 850 4068 in
873 4008 1012 4060 l'oerlerilour
1032 4010 1185 4071 sanciendis,
1203 4012 1271 4074 opud

180 4093 312 4143 Romanor
334 4094 438 4156 ‘praeiit
451 4093 619 4156 jurantilme’
636 4100 711 4158 pater
729 4096 846 4155 petuntur
858 4105 870 4151 3⁴
886 4089 912 4144 in
925 4083 1063 4152 'icivffibtln
1083 4097 1227 4152 praeloreu
1245 4091 1271 4142 in

180 4171 522 4237 provinciir,proconrnlea;
539 4174 565 4224 in
582 4173 743 4236 militrribna,
759 4171 943 4234 imperatorem
965 4167 1035 4218 conf.
1056 4168 1180 4228 celeberr.
1198 4171 1272 4222 Stru-
