<?xml version="1.0" encoding="UTF-8"?>
<!DOCTYPE html PUBLIC "-//W3C//DTD XHTML 1.0 Transitional//EN"
    "http://www.w3.org/TR/xhtml1/DTD/xhtml1-transitional.dtd">
<html xmlns="http://www.w3.org/1999/xhtml" xml:lang="en" lang="en">
 <head>
  <title>
</title>
<meta http-equiv="Content-Type" content="text/html;charset=utf-8" />
  <meta name='ocr-system' content='tesseract 3.04.00' />
  <meta name='ocr-capabilities' content='ocr_page ocr_carea ocr_par ocr_line ocrx_word'/>
</head>
<body>
  <div class='ocr_page' id='page_1' title='image "./panegyriciveter02baungoog_0130.png"; bbox 0 0 3100 4854; ppageno 0'>
   <div class='ocr_carea' id='block_1_1' title="bbox 583 343 1311 412">
    <p class='ocr_par' dir='ltr' id='par_1_1' title="bbox 583 343 1311 412">
     <span class='ocr_line' id='line_1_1' title="bbox 583 343 1311 412; baseline 0.008 -6"><span class='ocrx_word' id='word_1_1' title='bbox 583 361 622 409; x_wconf 85' lang='grc' dir='ltr'><strong>ιι.</strong></span> <span class='ocrx_word' id='word_1_2' title='bbox 646 355 751 408; x_wconf 81' lang='lat' dir='ltr'><strong>ucvrr</strong></span> <span class='ocrx_word' id='word_1_3' title='bbox 776 357 955 407; x_wconf 77' lang='lat' dir='ltr'><strong>rnnrsnr.</strong></span> <span class='ocrx_word' id='word_1_4' title='bbox 1252 343 1311 412; x_wconf 82' lang='lat'><strong>121</strong></span> 
     </span>
    </p>
   </div>
   <div class='ocr_carea' id='block_1_2' title="bbox 217 500 1352 3028">
    <p class='ocr_par' dir='ltr' id='par_1_2' title="bbox 217 500 1352 3028">
     <span class='ocr_line' id='line_1_2' title="bbox 217 500 1322 585; baseline -0.005 -11"><span class='ocrx_word' id='word_1_5' title='bbox 217 506 343 574; x_wconf 88' lang='lat' dir='ltr'><strong>mentio</strong></span> <span class='ocrx_word' id='word_1_6' title='bbox 359 511 425 582; x_wconf 90' lang='lat' dir='ltr'><strong>est,</strong></span> <span class='ocrx_word' id='word_1_7' title='bbox 440 502 574 570; x_wconf 82' lang='lat' dir='ltr'><strong>Plinius</strong></span> <span class='ocrx_word' id='word_1_8' title='bbox 589 509 701 570; x_wconf 87' lang='lat' dir='ltr'><strong>tamen</strong></span> <span class='ocrx_word' id='word_1_9' title='bbox 720 500 838 566; x_wconf 88' lang='lat' dir='ltr'><strong>multis</strong></span> <span class='ocrx_word' id='word_1_10' title='bbox 859 501 894 566; x_wconf 93' lang='lat' dir='ltr'><strong>in</strong></span> <span class='ocrx_word' id='word_1_11' title='bbox 917 500 1015 579; x_wconf 92' lang='lat' dir='ltr'><strong>locis,</strong></span> <span class='ocrx_word' id='word_1_12' title='bbox 1035 501 1162 584; x_wconf 90' lang='lat' dir='ltr'><strong>aliique</strong></span> <span class='ocrx_word' id='word_1_13' title='bbox 1183 501 1322 585; x_wconf 82' lang='lat' dir='ltr'><strong>Trajani</strong></span> 
     </span>
     <span class='ocr_line' id='line_1_3' title="bbox 218 603 1322 689; baseline -0.003 -16"><span class='ocrx_word' id='word_1_14' title='bbox 218 610 301 673; x_wconf 81' lang='lat' dir='ltr'><strong>vitm</strong></span> <span class='ocrx_word' id='word_1_15' title='bbox 324 607 504 688; x_wconf 80' lang='lat' dir='ltr'><strong>scriptores</strong></span> <span class='ocrx_word' id='word_1_16' title='bbox 526 604 706 689; x_wconf 89' lang='lat' dir='ltr'><strong>patricium</strong></span> <span class='ocrx_word' id='word_1_17' title='bbox 728 603 909 687; x_wconf 87' lang='lat' dir='ltr'><strong>appellant,</strong></span> <span class='ocrx_word' id='word_1_18' title='bbox 924 603 1146 677; x_wconf 87' lang='lat' dir='ltr'><strong>consularem,</strong></span> <span class='ocrx_word' id='word_1_19' title='bbox 1162 610 1195 670; x_wconf 91' lang='lat' dir='ltr'><strong>et</strong></span> <span class='ocrx_word' id='word_1_20' title='bbox 1208 603 1322 670; x_wconf 89' lang='lat' dir='ltr'><strong>trium-</strong></span> 
     </span>
     <span class='ocr_line' id='line_1_4' title="bbox 218 705 1322 794; baseline -0.002 -19"><span class='ocrx_word' id='word_1_21' title='bbox 218 710 368 794; x_wconf 86' lang='lat' dir='ltr'><strong>phalem,</strong></span> <span class='ocrx_word' id='word_1_22' title='bbox 383 707 419 772; x_wconf 93' lang='lat' dir='ltr'><strong>id</strong></span> <span class='ocrx_word' id='word_1_23' title='bbox 435 715 500 784; x_wconf 89' lang='lat' dir='ltr'><strong>est,</strong></span> <span class='ocrx_word' id='word_1_24' title='bbox 515 707 573 792; x_wconf 92' lang='lat' dir='ltr'><strong>qui</strong></span> <span class='ocrx_word' id='word_1_25' title='bbox 588 705 802 788; x_wconf 79' lang='lat' dir='ltr'><strong>triumphalia</strong></span> <span class='ocrx_word' id='word_1_26' title='bbox 821 709 1016 769; x_wconf 87' lang='lat' dir='ltr'><strong>ornamento</strong></span> <span class='ocrx_word' id='word_1_27' title='bbox 1031 710 1233 771; x_wconf 90' lang='lat' dir='ltr'><strong>consecutus</strong></span> <span class='ocrx_word' id='word_1_28' title='bbox 1249 707 1322 773; x_wconf 91' lang='lat' dir='ltr'><strong>sue·</strong></span> 
     </span>
     <span class='ocr_line' id='line_1_5' title="bbox 218 807 1322 896; baseline -0.002 -20"><span class='ocrx_word' id='word_1_29' title='bbox 218 821 283 890; x_wconf 90' lang='lat' dir='ltr'><strong>rat,</strong></span> <span class='ocrx_word' id='word_1_30' title='bbox 299 811 425 892; x_wconf 81' lang='lat' dir='ltr'><strong>Paneg.</strong></span> <span class='ocrx_word' id='word_1_31' title='bbox 440 829 518 892; x_wconf 86' lang='lat' dir='ltr'><strong>cap.</strong></span> <span class='ocrx_word' id='word_1_32' title='bbox 536 824 714 877; x_wconf 75' lang='lat' dir='ltr'><strong>cxxxix.</strong></span> <span class='ocrx_word' id='word_1_33' title='bbox 757 807 978 891; x_wconf 80' lang='lat' dir='ltr'><strong>Triumphum</strong></span> <span class='ocrx_word' id='word_1_34' title='bbox 992 808 1079 873; x_wconf 88' lang='lat' dir='ltr'><strong>enim</strong></span> <span class='ocrx_word' id='word_1_35' title='bbox 1096 808 1219 874; x_wconf 90' lang='lat' dir='ltr'><strong>nemini</strong></span> <span class='ocrx_word' id='word_1_36' title='bbox 1242 815 1322 896; x_wconf 89' lang='lat' dir='ltr'><strong>post</strong></span> 
     </span>
     <span class='ocr_line' id='line_1_6' title="bbox 220 909 1320 998; baseline -0.002 -20"><span class='ocrx_word' id='word_1_37' title='bbox 220 911 409 998; x_wconf 80' lang='lat' dir='ltr'><strong>Agrippam</strong></span> <span class='ocrx_word' id='word_1_38' title='bbox 431 931 630 980; x_wconf 90' lang='lat' dir='ltr'><strong>concessum</strong></span> <span class='ocrx_word' id='word_1_39' title='bbox 646 931 721 976; x_wconf 89' lang='lat' dir='ltr'><strong>esse</strong></span> <span class='ocrx_word' id='word_1_40' title='bbox 738 911 996 982; x_wconf 82' lang='lat' dir='ltr'><strong>observavimus</strong></span> <span class='ocrx_word' id='word_1_41' title='bbox 1017 911 1050 974; x_wconf 92' lang='lat' dir='ltr'><strong>in</strong></span> <span class='ocrx_word' id='word_1_42' title='bbox 1073 909 1161 974; x_wconf 90' lang='lat' dir='ltr'><strong>notis</strong></span> <span class='ocrx_word' id='word_1_43' title='bbox 1179 909 1222 976; x_wconf 87' lang='lat' dir='ltr'><strong>ad</strong></span> <span class='ocrx_word' id='word_1_44' title='bbox 1244 931 1320 976; x_wconf 91' lang='lat' dir='ltr'><strong>eum</strong></span> 
     </span>
     <span class='ocr_line' id='line_1_7' title="bbox 219 1013 1322 1097; baseline -0.002 -20"><span class='ocrx_word' id='word_1_45' title='bbox 219 1015 343 1091; x_wconf 91' lang='lat' dir='ltr'><strong>locum,</strong></span> <span class='ocrx_word' id='word_1_46' title='bbox 358 1014 415 1080; x_wconf 92' lang='lat' dir='ltr'><strong>ubi</strong></span> <span class='ocrx_word' id='word_1_47' title='bbox 439 1014 535 1097; x_wconf 90' lang='lat' dir='ltr'><strong>plura</strong></span> <span class='ocrx_word' id='word_1_48' title='bbox 554 1013 702 1082; x_wconf 82' lang='lat' dir='ltr'><strong>diximus</strong></span> <span class='ocrx_word' id='word_1_49' title='bbox 727 1014 771 1079; x_wconf 92' lang='lat' dir='ltr'><strong>de</strong></span> <span class='ocrx_word' id='word_1_50' title='bbox 795 1013 985 1079; x_wconf 89' lang='lat' dir='ltr'><strong>discrimine</strong></span> <span class='ocrx_word' id='word_1_51' title='bbox 1009 1013 1212 1096; x_wconf 90' lang='lat' dir='ltr'><strong>triumphum</strong></span> <span class='ocrx_word' id='word_1_52' title='bbox 1235 1014 1322 1078; x_wconf 87' lang='lat' dir='ltr'><strong>inter</strong></span> 
     </span>
     <span class='ocr_line' id='line_1_8' title="bbox 220 1115 1322 1201; baseline 0.001 -21"><span class='ocrx_word' id='word_1_53' title='bbox 220 1122 255 1180; x_wconf 87' lang='lat' dir='ltr'><strong>et</strong></span> <span class='ocrx_word' id='word_1_54' title='bbox 270 1123 463 1184; x_wconf 87' lang='lat' dir='ltr'><strong>ornamenta</strong></span> <span class='ocrx_word' id='word_1_55' title='bbox 480 1117 707 1201; x_wconf 87' lang='lat' dir='ltr'><strong>triumphalia.</strong></span> <span class='ocrx_word' id='word_1_56' title='bbox 751 1116 863 1182; x_wconf 83' lang='lat' dir='ltr'><strong>Credo</strong></span> <span class='ocrx_word' id='word_1_57' title='bbox 879 1117 909 1180; x_wconf 92' lang='lat' dir='ltr'><strong>is</strong></span> <span class='ocrx_word' id='word_1_58' title='bbox 924 1116 955 1179; x_wconf 90' lang='lat' dir='ltr'><strong>ei</strong></span> <span class='ocrx_word' id='word_1_59' title='bbox 964 1116 1073 1180; x_wconf 89' lang='lat' dir='ltr'><strong>bonos</strong></span> <span class='ocrx_word' id='word_1_60' title='bbox 1086 1115 1231 1196; x_wconf 82' lang='lat' dir='ltr'><strong>delatus,</strong></span> <span class='ocrx_word' id='word_1_61' title='bbox 1242 1120 1322 1198; x_wconf 88' lang='lat' dir='ltr'><strong>post</strong></span> 
     </span>
     <span class='ocr_line' id='line_1_9' title="bbox 221 1217 1322 1301; baseline -0.001 -18"><span class='ocrx_word' id='word_1_62' title='bbox 221 1219 345 1285; x_wconf 89' lang='lat' dir='ltr'><strong>bellum</strong></span> <span class='ocrx_word' id='word_1_63' title='bbox 359 1218 522 1282; x_wconf 86' lang='lat' dir='ltr'><strong>adversus</strong></span> <span class='ocrx_word' id='word_1_64' title='bbox 539 1218 682 1283; x_wconf 87' lang='lat' dir='ltr'><strong>Parthos</strong></span> <span class='ocrx_word' id='word_1_65' title='bbox 702 1223 830 1300; x_wconf 83' lang='lat' dir='ltr'><strong>gestum</strong></span> <span class='ocrx_word' id='word_1_66' title='bbox 854 1237 875 1285; x_wconf 87' lang='lat' dir='ltr'><strong>a</strong></span> <span class='ocrx_word' id='word_1_67' title='bbox 896 1217 1094 1282; x_wconf 86' lang='lat' dir='ltr'><strong>Domitiano</strong></span> <span class='ocrx_word' id='word_1_68' title='bbox 1117 1217 1322 1301; x_wconf 83' lang='lat' dir='ltr'><strong>Corbulone,</strong></span> 
     </span>
     <span class='ocr_line' id='line_1_10' title="bbox 222 1318 1321 1403; baseline 0 -19"><span class='ocrx_word' id='word_1_69' title='bbox 222 1321 276 1384; x_wconf 91' lang='lat' dir='ltr'><strong>cui</strong></span> <span class='ocrx_word' id='word_1_70' title='bbox 293 1318 386 1383; x_wconf 89' lang='lat' dir='ltr'><strong>Nero</strong></span> <span class='ocrx_word' id='word_1_71' title='bbox 400 1318 601 1384; x_wconf 89' lang='lat' dir='ltr'><strong>duodecimo</strong></span> <span class='ocrx_word' id='word_1_72' title='bbox 614 1320 747 1403; x_wconf 90' lang='lat' dir='ltr'><strong>imperii</strong></span> <span class='ocrx_word' id='word_1_73' title='bbox 763 1339 850 1384; x_wconf 87' lang='lat' dir='ltr'><strong>anno</strong></span> <span class='ocrx_word' id='word_1_74' title='bbox 867 1318 1033 1400; x_wconf 82' lang='lat' dir='ltr'><strong>‘insignia</strong></span> <span class='ocrx_word' id='word_1_75' title='bbox 1043 1319 1200 1402; x_wconf 90' lang='lat' dir='ltr'><strong>triumphi</strong></span> <span class='ocrx_word' id='word_1_76' title='bbox 1215 1318 1321 1384; x_wconf 90' lang='lat' dir='ltr'><strong>indul·</strong></span> 
     </span>
     <span class='ocr_line' id='line_1_11' title="bbox 221 1419 1322 1496; baseline -0.002 -10"><span class='ocrx_word' id='word_1_77' title='bbox 221 1419 288 1496; x_wconf 91' lang='lat' dir='ltr'><strong>sit,&#39;</strong></span> <span class='ocrx_word' id='word_1_78' title='bbox 303 1421 386 1485; x_wconf 84' lang='lat' dir='ltr'><strong>Tac.</strong></span> <span class='ocrx_word' id='word_1_79' title='bbox 402 1419 525 1486; x_wconf 87' lang='lat' dir='ltr'><strong>Annal.</strong></span> <span class='ocrx_word' id='word_1_80' title='bbox 544 1438 601 1485; x_wconf 80' lang='grc' dir='ltr'><strong>ιιι.</strong></span> <span class='ocrx_word' id='word_1_81' title='bbox 616 1421 670 1486; x_wconf 78' lang='lat'><strong>20.</strong></span> <span class='ocrx_word' id='word_1_82' title='bbox 694 1421 877 1490; x_wconf 86' lang='lat' dir='ltr'><strong>Primarios</strong></span> <span class='ocrx_word' id='word_1_83' title='bbox 892 1427 1006 1485; x_wconf 88' lang='lat' dir='ltr'><strong>autem</strong></span> <span class='ocrx_word' id='word_1_84' title='bbox 1022 1421 1190 1486; x_wconf 82' lang='lat' dir='ltr'><strong>exercitus</strong></span> <span class='ocrx_word' id='word_1_85' title='bbox 1205 1421 1322 1494; x_wconf 87' lang='lat' dir='ltr'><strong>duces,</strong></span> 
     </span>
     <span class='ocr_line' id='line_1_12' title="bbox 221 1522 1323 1606; baseline 0 -18"><span class='ocrx_word' id='word_1_86' title='bbox 221 1529 260 1588; x_wconf 91' lang='lat' dir='ltr'><strong>ut</strong></span> <span class='ocrx_word' id='word_1_87' title='bbox 275 1525 310 1588; x_wconf 93' lang='lat' dir='ltr'><strong>in</strong></span> <span class='ocrx_word' id='word_1_88' title='bbox 330 1522 497 1606; x_wconf 88' lang='lat' dir='ltr'><strong>triumphi,</strong></span> <span class='ocrx_word' id='word_1_89' title='bbox 512 1523 610 1588; x_wconf 89' lang='lat' dir='ltr'><strong>sicet</strong></span> <span class='ocrx_word' id='word_1_90' title='bbox 625 1524 661 1587; x_wconf 91' lang='lat' dir='ltr'><strong>in</strong></span> <span class='ocrx_word' id='word_1_91' title='bbox 684 1522 934 1606; x_wconf 82' lang='lat' dir='ltr'><strong>triumphalium</strong></span> <span class='ocrx_word' id='word_1_92' title='bbox 950 1524 1110 1592; x_wconf 84' lang='lat' dir='ltr'><strong>honorum</strong></span> <span class='ocrx_word' id='word_1_93' title='bbox 1127 1527 1255 1605; x_wconf 86' lang='lat' dir='ltr'><strong>partem</strong></span> <span class='ocrx_word' id='word_1_94' title='bbox 1268 1542 1323 1588; x_wconf 89' lang='lat' dir='ltr'><strong>so·</strong></span> 
     </span>
     <span class='ocr_line' id='line_1_13' title="bbox 220 1623 1322 1708; baseline 0 -20"><span class='ocrx_word' id='word_1_95' title='bbox 220 1624 302 1688; x_wconf 90' lang='lat' dir='ltr'><strong>litos</strong></span> <span class='ocrx_word' id='word_1_96' title='bbox 315 1625 427 1688; x_wconf 89' lang='lat' dir='ltr'><strong>venire</strong></span> <span class='ocrx_word' id='word_1_97' title='bbox 443 1632 557 1690; x_wconf 90' lang='lat' dir='ltr'><strong>uotum</strong></span> <span class='ocrx_word' id='word_1_98' title='bbox 572 1633 635 1690; x_wconf 90' lang='lat' dir='ltr'><strong>est.</strong></span> <span class='ocrx_word' id='word_1_99' title='bbox 679 1625 788 1703; x_wconf 91' lang='lat' dir='ltr'><strong>Idem,</strong></span> <span class='ocrx_word' id='word_1_100' title='bbox 803 1644 880 1689; x_wconf 91' lang='lat' dir='ltr'><strong>cum</strong></span> <span class='ocrx_word' id='word_1_101' title='bbox 904 1623 1137 1708; x_wconf 85' lang='lat' dir='ltr'><strong>Vespasianus</strong></span> <span class='ocrx_word' id='word_1_102' title='bbox 1153 1643 1205 1689; x_wconf 87' lang='lat' dir='ltr'><strong>an.</strong></span> <span class='ocrx_word' id='word_1_103' title='bbox 1221 1623 1266 1689; x_wconf 88' lang='lat' dir='ltr'><strong>U.</strong></span> <span class='ocrx_word' id='word_1_104' title='bbox 1282 1624 1322 1690; x_wconf 88' lang='lat' dir='ltr'><strong>C.</strong></span> 
     </span>
     <span class='ocr_line' id='line_1_14' title="bbox 221 1725 1323 1811; baseline 0 -21"><span class='ocrx_word' id='word_1_105' title='bbox 221 1727 299 1791; x_wconf 81' lang='lat'><strong>830.</strong></span> <span class='ocrx_word' id='word_1_106' title='bbox 313 1746 358 1790; x_wconf 85' lang='lat' dir='ltr'><strong>ex</strong></span> <span class='ocrx_word' id='word_1_107' title='bbox 381 1727 562 1804; x_wconf 76' lang='lat' dir='ltr'><strong>Parthicis,</strong></span> <span class='ocrx_word' id='word_1_108' title='bbox 578 1725 736 1811; x_wconf 86' lang='lat' dir='ltr'><strong>Illyricis,</strong></span> <span class='ocrx_word' id='word_1_109' title='bbox 758 1727 1035 1811; x_wconf 89' lang='lat' dir='ltr'><strong>Germanicisque</strong></span> <span class='ocrx_word' id='word_1_110' title='bbox 1060 1729 1169 1811; x_wconf 90' lang='lat' dir='ltr'><strong>copiis</strong></span> <span class='ocrx_word' id='word_1_111' title='bbox 1190 1728 1323 1792; x_wconf 86' lang='lat' dir='ltr'><strong>exerci-</strong></span> 
     </span>
     <span class='ocr_line' id='line_1_15' title="bbox 220 1813 1321 1912; baseline 0.001 -20"><span class='ocrx_word' id='word_1_112' title='bbox 220 1834 292 1892; x_wconf 88' lang='lat' dir='ltr'><strong>tum</strong></span> <span class='ocrx_word' id='word_1_113' title='bbox 309 1835 428 1894; x_wconf 91' lang='lat' dir='ltr'><strong>contra</strong></span> <span class='ocrx_word' id='word_1_114' title='bbox 441 1828 465 1894; x_wconf 84' lang='lat' dir='ltr'>J</span> <span class='ocrx_word' id='word_1_115' title='bbox 468 1828 585 1894; x_wconf 87' lang='lat' dir='ltr'><strong>udaeos</strong></span> <span class='ocrx_word' id='word_1_116' title='bbox 601 1829 818 1905; x_wconf 89' lang='lat' dir='ltr'><strong>contraheret,</strong></span> <span class='ocrx_word' id='word_1_117' title='bbox 833 1829 909 1893; x_wconf 90' lang='lat' dir='ltr'><strong>huic</strong></span> <span class='ocrx_word' id='word_1_118' title='bbox 926 1847 963 1892; x_wconf 92' lang='lat' dir='ltr'><strong>se</strong></span> <span class='ocrx_word' id='word_1_119' title='bbox 979 1828 1146 1912; x_wconf 83' lang='lat' dir='ltr'><strong>adjunxit,</strong></span> <span class='ocrx_word' id='word_1_120' title='bbox 1160 1829 1194 1892; x_wconf 91' lang='lat' dir='ltr'><strong>in</strong></span> <span class='ocrx_word' id='word_1_121' title='bbox 1211 1813 1321 1912; x_wconf 74' lang='lat' dir='ltr'><strong>eoq&#39;m</strong></span> 
     </span>
     <span class='ocr_line' id='line_1_16' title="bbox 222 1930 1322 2015; baseline 0.001 -21"><span class='ocrx_word' id='word_1_122' title='bbox 222 1930 317 1995; x_wconf 90' lang='lat' dir='ltr'><strong>bellu</strong></span> <span class='ocrx_word' id='word_1_123' title='bbox 333 1930 476 1996; x_wconf 86' lang='lat' dir='ltr'><strong>decimae</strong></span> <span class='ocrx_word' id='word_1_124' title='bbox 490 1931 637 2012; x_wconf 82' lang='lat' dir='ltr'><strong>legionis</strong></span> <span class='ocrx_word' id='word_1_125' title='bbox 652 1931 847 2014; x_wconf 86' lang='lat' dir='ltr'><strong>praelectus,</strong></span> <span class='ocrx_word' id='word_1_126' title='bbox 863 1949 964 2015; x_wconf 88' lang='lat' dir='ltr'><strong>quam</strong></span> <span class='ocrx_word' id='word_1_127' title='bbox 980 1938 1125 2007; x_wconf 91' lang='lat' dir='ltr'><strong>strenue,</strong></span> <span class='ocrx_word' id='word_1_128' title='bbox 1135 1933 1322 2014; x_wconf 85' lang='lat' dir='ltr'><strong>praesertim</strong></span> 
     </span>
     <span class='ocr_line' id='line_1_17' title="bbox 221 2031 1323 2118; baseline -0.001 -21"><span class='ocrx_word' id='word_1_129' title='bbox 221 2034 257 2098; x_wconf 90' lang='lat' dir='ltr'><strong>in</strong></span> <span class='ocrx_word' id='word_1_130' title='bbox 272 2035 522 2117; x_wconf 79' lang='lat' dir='ltr'><strong>expugnatione</strong></span> <span class='ocrx_word' id='word_1_131' title='bbox 536 2032 560 2097; x_wconf 86' lang='lat' dir='ltr'><strong>J</strong></span> <span class='ocrx_word' id='word_1_132' title='bbox 562 2035 658 2118; x_wconf 85' lang='lat' dir='ltr'><strong>aphne</strong></span> <span class='ocrx_word' id='word_1_133' title='bbox 669 2040 705 2098; x_wconf 87' lang='lat' dir='ltr'><strong>et</strong></span> <span class='ocrx_word' id='word_1_134' title='bbox 718 2033 903 2118; x_wconf 73' lang='lat' dir='ltr'><strong>lotapatae,</strong></span> <span class='ocrx_word' id='word_1_135' title='bbox 918 2053 955 2098; x_wconf 88' lang='lat' dir='ltr'><strong>se</strong></span> <span class='ocrx_word' id='word_1_136' title='bbox 974 2034 1126 2114; x_wconf 81' lang='lat' dir='ltr'><strong>gesserit,</strong></span> <span class='ocrx_word' id='word_1_137' title='bbox 1143 2033 1246 2097; x_wconf 90' lang='lat' dir='ltr'><strong>tradit</strong></span> <span class='ocrx_word' id='word_1_138' title='bbox 1260 2031 1282 2097; x_wconf 85' lang='lat' dir='ltr'><strong>J</strong></span> <span class='ocrx_word' id='word_1_139' title='bbox 1286 2053 1323 2096; x_wconf 93' lang='lat' dir='ltr'><strong>o-</strong></span> 
     </span>
     <span class='ocr_line' id='line_1_18' title="bbox 221 2135 1323 2219; baseline 0 -19"><span class='ocrx_word' id='word_1_140' title='bbox 221 2136 347 2219; x_wconf 87' lang='lat' dir='ltr'><strong>scpbus</strong></span> <span class='ocrx_word' id='word_1_141' title='bbox 371 2135 413 2199; x_wconf 91' lang='lat' dir='ltr'><strong>de</strong></span> <span class='ocrx_word' id='word_1_142' title='bbox 440 2135 794 2202; x_wconf 82' lang='lat' dir='ltr'><strong>BelloJud.111.11.</strong></span> <span class='ocrx_word' id='word_1_143' title='bbox 818 2143 853 2200; x_wconf 91' lang='lat' dir='ltr'><strong>et</strong></span> <span class='ocrx_word' id='word_1_144' title='bbox 874 2135 928 2202; x_wconf 86' lang='lat' dir='ltr'><strong>lli.</strong></span> <span class='ocrx_word' id='word_1_145' title='bbox 972 2135 1119 2218; x_wconf 87' lang='lat' dir='ltr'><strong>Utrique</strong></span> <span class='ocrx_word' id='word_1_146' title='bbox 1138 2136 1231 2200; x_wconf 90' lang='lat' dir='ltr'><strong>bello</strong></span> <span class='ocrx_word' id='word_1_147' title='bbox 1256 2154 1323 2200; x_wconf 87' lang='lat' dir='ltr'><strong>una</strong></span> 
     </span>
     <span class='ocr_line' id='line_1_19' title="bbox 222 2237 1324 2323; baseline 0.002 -23"><span class='ocrx_word' id='word_1_148' title='bbox 222 2257 299 2301; x_wconf 91' lang='lat' dir='ltr'><strong>cum</strong></span> <span class='ocrx_word' id='word_1_149' title='bbox 315 2243 409 2320; x_wconf 90' lang='lat' dir='ltr'><strong>patre</strong></span> <span class='ocrx_word' id='word_1_150' title='bbox 423 2239 615 2303; x_wconf 87' lang='lat' dir='ltr'><strong>interfuisse</strong></span> <span class='ocrx_word' id='word_1_151' title='bbox 633 2239 791 2304; x_wconf 87' lang='lat' dir='ltr'><strong>minorem</strong></span> <span class='ocrx_word' id='word_1_152' title='bbox 813 2239 995 2323; x_wconf 85' lang='lat' dir='ltr'><strong>Trajauum</strong></span> <span class='ocrx_word' id='word_1_153' title='bbox 1018 2237 1169 2302; x_wconf 89' lang='lat' dir='ltr'><strong>indicare</strong></span> <span class='ocrx_word' id='word_1_154' title='bbox 1191 2237 1324 2302; x_wconf 89' lang='lat' dir='ltr'><strong>videtur</strong></span> 
     </span>
     <span class='ocr_line' id='line_1_20' title="bbox 222 2339 1322 2424; baseline -0.001 -21"><span class='ocrx_word' id='word_1_155' title='bbox 222 2339 353 2403; x_wconf 85' lang='lat' dir='ltr'><strong>Plinius</strong></span> <span class='ocrx_word' id='word_1_156' title='bbox 377 2339 502 2422; x_wconf 77' lang='lat' dir='ltr'><strong>Paneg.</strong></span> <span class='ocrx_word' id='word_1_157' title='bbox 530 2360 605 2424; x_wconf 89' lang='lat' dir='ltr'><strong>cap.</strong></span> <span class='ocrx_word' id='word_1_158' title='bbox 634 2358 718 2409; x_wconf 84' lang='lat' dir='ltr'><strong>xrv.</strong></span> <span class='ocrx_word' id='word_1_159' title='bbox 750 2342 898 2407; x_wconf 88' lang='lat' dir='ltr'><strong>‘Nonne</strong></span> <span class='ocrx_word' id='word_1_160' title='bbox 927 2342 1130 2406; x_wconf 87' lang='lat' dir='ltr'><strong>incunabula</strong></span> <span class='ocrx_word' id='word_1_161' title='bbox 1151 2339 1226 2405; x_wconf 86' lang='lat' dir='ltr'><strong>boec</strong></span> <span class='ocrx_word' id='word_1_162' title='bbox 1249 2340 1322 2419; x_wconf 91' lang='lat' dir='ltr'><strong>tibi,</strong></span> 
     </span>
     <span class='ocr_line' id='line_1_21' title="bbox 223 2438 1323 2527; baseline 0.003 -22"><span class='ocrx_word' id='word_1_163' title='bbox 223 2438 350 2517; x_wconf 83' lang='lat' dir='ltr'><strong>Caesar,</strong></span> <span class='ocrx_word' id='word_1_164' title='bbox 378 2447 413 2505; x_wconf 90' lang='lat' dir='ltr'><strong>et</strong></span> <span class='ocrx_word' id='word_1_165' title='bbox 435 2441 631 2518; x_wconf 89' lang='lat' dir='ltr'><strong>rudimenta,</strong></span> <span class='ocrx_word' id='word_1_166' title='bbox 657 2463 734 2506; x_wconf 90' lang='lat' dir='ltr'><strong>cum</strong></span> <span class='ocrx_word' id='word_1_167' title='bbox 757 2463 840 2527; x_wconf 90' lang='lat' dir='ltr'><strong>puer</strong></span> <span class='ocrx_word' id='word_1_168' title='bbox 858 2443 1039 2509; x_wconf 87' lang='lat' dir='ltr'><strong>admodum</strong></span> <span class='ocrx_word' id='word_1_169' title='bbox 1054 2443 1214 2507; x_wconf 87' lang='lat' dir='ltr'><strong>Parthica</strong></span> <span class='ocrx_word' id='word_1_170' title='bbox 1228 2443 1323 2508; x_wconf 86' lang='lat' dir='ltr'><strong>lauro</strong></span> 
     </span>
     <span class='ocr_line' id='line_1_22' title="bbox 222 2542 1322 2627; baseline 0.004 -23"><span class='ocrx_word' id='word_1_171' title='bbox 222 2542 361 2622; x_wconf 84' lang='lat' dir='ltr'><strong>gloriam</strong></span> <span class='ocrx_word' id='word_1_172' title='bbox 378 2543 482 2625; x_wconf 86' lang='lat' dir='ltr'><strong>patn&#39;s</strong></span> <span class='ocrx_word' id='word_1_173' title='bbox 498 2543 681 2626; x_wconf 85' lang='lat' dir='ltr'><strong>augeres&#39;t&#39;</strong></span> <span class='ocrx_word' id='word_1_174' title='bbox 703 2543 749 2608; x_wconf 90' lang='lat' dir='ltr'><strong>Et</strong></span> <span class='ocrx_word' id='word_1_175' title='bbox 764 2564 841 2627; x_wconf 90' lang='lat' dir='ltr'><strong>cap.</strong></span> <span class='ocrx_word' id='word_1_176' title='bbox 858 2561 924 2608; x_wconf 85' lang='lat' dir='ltr'><strong>xv.</strong></span> <span class='ocrx_word' id='word_1_177' title='bbox 946 2543 1144 2607; x_wconf 86' lang='lat' dir='ltr'><strong>‘Tribunus</strong></span> <span class='ocrx_word' id='word_1_178' title='bbox 1161 2563 1241 2608; x_wconf 91' lang='lat' dir='ltr'><strong>vero</strong></span> <span class='ocrx_word' id='word_1_179' title='bbox 1256 2544 1322 2608; x_wconf 84' lang='lat' dir='ltr'><strong>dis-</strong></span> 
     </span>
     <span class='ocr_line' id='line_1_23' title="bbox 217 2642 1322 2726; baseline 0.002 -20"><span class='ocrx_word' id='word_1_180' title='bbox 217 2642 452 2726; x_wconf 85' lang='lat' dir='ltr'><strong>junctissimas</strong></span> <span class='ocrx_word' id='word_1_181' title='bbox 467 2649 584 2724; x_wconf 87' lang='lat' dir='ltr'><strong>terras,</strong></span> <span class='ocrx_word' id='word_1_182' title='bbox 600 2648 722 2710; x_wconf 89' lang='lat' dir='ltr'><strong>teneris</strong></span> <span class='ocrx_word' id='word_1_183' title='bbox 747 2647 856 2713; x_wconf 90' lang='lat' dir='ltr'><strong>adhuc</strong></span> <span class='ocrx_word' id='word_1_184' title='bbox 876 2647 985 2722; x_wconf 87' lang='lat' dir='ltr'><strong>aunis,</strong></span> <span class='ocrx_word' id='word_1_185' title='bbox 1002 2646 1066 2710; x_wconf 87' lang='lat' dir='ltr'><strong>vivi</strong></span> <span class='ocrx_word' id='word_1_186' title='bbox 1085 2644 1240 2710; x_wconf 87' lang='lat' dir='ltr'><strong>firmitate</strong></span> <span class='ocrx_word' id='word_1_187' title='bbox 1254 2646 1322 2708; x_wconf 88' lang='lat' dir='ltr'><strong>lus·</strong></span> 
     </span>
     <span class='ocr_line' id='line_1_24' title="bbox 223 2742 1352 2831; baseline 0.002 -23"><span class='ocrx_word' id='word_1_188' title='bbox 223 2742 339 2814; x_wconf 68' lang='lat' dir='ltr'><strong>trosti?</strong></span> <span class='ocrx_word' id='word_1_189' title='bbox 373 2743 459 2827; x_wconf 83' lang='lat' dir='ltr'><strong>Cap.</strong></span> <span class='ocrx_word' id='word_1_190' title='bbox 481 2761 563 2814; x_wconf 79' lang='lat' dir='ltr'><strong>xvi.</strong></span> <span class='ocrx_word' id='word_1_191' title='bbox 594 2746 728 2812; x_wconf 85' lang='lat' dir='ltr'><strong>‘Tanto</strong></span> <span class='ocrx_word' id='word_1_192' title='bbox 752 2749 861 2828; x_wconf 84' lang='lat' dir='ltr'><strong>magis</strong></span> <span class='ocrx_word' id='word_1_193' title='bbox 889 2747 1105 2831; x_wconf 84' lang='lat' dir='ltr'><strong>praedicanda</strong></span> <span class='ocrx_word' id='word_1_194' title='bbox 1134 2747 1321 2814; x_wconf 87' lang='lat' dir='ltr'><strong>moderatio</strong></span> <span class='ocrx_word' id='word_1_195' title='bbox 1351 2759 1352 2764; x_wconf 75' lang='grc'>’</span> 
     </span>
     <span class='ocr_line' id='line_1_25' title="bbox 223 2845 1321 2933; baseline 0.008 -27"><span class='ocrx_word' id='word_1_196' title='bbox 223 2850 294 2920; x_wconf 88' lang='lat' dir='ltr'><strong>tna,</strong></span> <span class='ocrx_word' id='word_1_197' title='bbox 311 2845 402 2928; x_wconf 91' lang='lat' dir='ltr'><strong>quod</strong></span> <span class='ocrx_word' id='word_1_198' title='bbox 419 2846 598 2910; x_wconf 85' lang='lat' dir='ltr'><strong>innutritus</strong></span> <span class='ocrx_word' id='word_1_199' title='bbox 610 2847 767 2913; x_wconf 66' lang='lat' dir='ltr'><strong>bellicis?</strong></span> <span class='ocrx_word' id='word_1_200' title='bbox 810 2847 853 2914; x_wconf 90' lang='lat' dir='ltr'><strong>Et</strong></span> <span class='ocrx_word' id='word_1_201' title='bbox 868 2869 946 2933; x_wconf 89' lang='lat' dir='ltr'><strong>cap.</strong></span> <span class='ocrx_word' id='word_1_202' title='bbox 960 2865 1136 2914; x_wconf 76' lang='lat' dir='ltr'><strong>cxxxix.</strong></span> <span class='ocrx_word' id='word_1_203' title='bbox 1150 2848 1194 2914; x_wconf 88' lang='lat' dir='ltr'><strong>ad</strong></span> <span class='ocrx_word' id='word_1_204' title='bbox 1206 2847 1321 2932; x_wconf 84' lang='lat' dir='ltr'><strong>Traja-</strong></span> 
     </span>
     <span class='ocr_line' id='line_1_26' title="bbox 222 2947 1321 3028; baseline 0.006 -21"><span class='ocrx_word' id='word_1_205' title='bbox 222 2965 301 3008; x_wconf 86' lang='lat' dir='ltr'><strong>num</strong></span> <span class='ocrx_word' id='word_1_206' title='bbox 311 2951 436 3028; x_wconf 89' lang='lat' dir='ltr'><strong>patrem</strong></span> <span class='ocrx_word' id='word_1_207' title='bbox 448 2947 547 3025; x_wconf 87' lang='lat' dir='ltr'><strong>coelo,</strong></span> <span class='ocrx_word' id='word_1_208' title='bbox 560 2955 597 3013; x_wconf 90' lang='lat' dir='ltr'><strong>ut</strong></span> <span class='ocrx_word' id='word_1_209' title='bbox 609 2949 723 3013; x_wconf 89' lang='lat' dir='ltr'><strong>aiebat</strong></span> <span class='ocrx_word' id='word_1_210' title='bbox 732 2949 800 3028; x_wconf 87' lang='lat' dir='ltr'><strong>ille,</strong></span> <span class='ocrx_word' id='word_1_211' title='bbox 811 2951 972 3015; x_wconf 83' lang='lat' dir='ltr'><strong>fruentem</strong></span> <span class='ocrx_word' id='word_1_212' title='bbox 985 2970 1145 3016; x_wconf 88' lang='lat' dir='ltr'><strong>conversa</strong></span> <span class='ocrx_word' id='word_1_213' title='bbox 1155 2951 1321 3016; x_wconf 89' lang='lat' dir='ltr'><strong>oratione:</strong></span> 
     </span>
    </p>
   </div>
   <div class='ocr_carea' id='block_1_3' title="bbox 223 3044 1321 3233">
    <p class='ocr_par' dir='ltr' id='par_1_3' title="bbox 223 3044 1321 3233">
     <span class='ocr_line' id='line_1_27' title="bbox 224 3044 1321 3133; baseline 0.005 -24"><span class='ocrx_word' id='word_1_214' title='bbox 224 3049 235 3079; x_wconf 88' lang='lat'>‘</span> <span class='ocrx_word' id='word_1_215' title='bbox 251 3044 420 3124; x_wconf 85' lang='lat' dir='ltr'><strong>Quantam</strong></span> <span class='ocrx_word' id='word_1_216' title='bbox 434 3049 582 3131; x_wconf 80' lang='lat' dir='ltr'><strong>percipis</strong></span> <span class='ocrx_word' id='word_1_217' title='bbox 597 3050 813 3133; x_wconf 87' lang='lat' dir='ltr'><strong>voluptatem,</strong></span> <span class='ocrx_word' id='word_1_218' title='bbox 828 3071 904 3115; x_wconf 90' lang='lat' dir='ltr'><strong>cum</strong></span> <span class='ocrx_word' id='word_1_219' title='bbox 922 3052 1018 3115; x_wconf 90' lang='lat' dir='ltr'><strong>illum</strong></span> <span class='ocrx_word' id='word_1_220' title='bbox 1033 3053 1212 3131; x_wconf 89' lang='lat' dir='ltr'><strong>tribunum,</strong></span> <span class='ocrx_word' id='word_1_221' title='bbox 1229 3053 1321 3115; x_wconf 90' lang='lat' dir='ltr'><strong>illum</strong></span> 
     </span>
     <span class='ocr_line' id='line_1_28' title="bbox 223 3148 1053 3233; baseline 0.005 -23"><span class='ocrx_word' id='word_1_222' title='bbox 223 3148 360 3210; x_wconf 90' lang='lat' dir='ltr'><strong>militem</strong></span> <span class='ocrx_word' id='word_1_223' title='bbox 376 3155 483 3225; x_wconf 89' lang='lat' dir='ltr'><strong>tuum,</strong></span> <span class='ocrx_word' id='word_1_224' title='bbox 499 3155 630 3212; x_wconf 87' lang='lat' dir='ltr'><strong>tantum</strong></span> <span class='ocrx_word' id='word_1_225' title='bbox 645 3151 883 3233; x_wconf 86' lang='lat' dir='ltr'><strong>imperatorem</strong></span> <span class='ocrx_word' id='word_1_226' title='bbox 898 3149 1053 3214; x_wconf 84' lang='lat' dir='ltr'><strong>cernisl’</strong></span> 
     </span>
    </p>
   </div>
   <div class='ocr_carea' id='block_1_4' title="bbox 218 3247 1322 4041">
    <p class='ocr_par' dir='ltr' id='par_1_4' title="bbox 218 3247 1322 3941">
     <span class='ocr_line' id='line_1_29' title="bbox 268 3247 1322 3327; baseline 0.002 -15"><span class='ocrx_word' id='word_1_227' title='bbox 268 3247 494 3327; x_wconf 85' lang='lat' dir='ltr'><strong>Quamobrem</strong></span> <span class='ocrx_word' id='word_1_228' title='bbox 509 3257 600 3314; x_wconf 90' lang='lat' dir='ltr'><strong>recte</strong></span> <span class='ocrx_word' id='word_1_229' title='bbox 615 3250 810 3316; x_wconf 90' lang='lat' dir='ltr'><strong>observavit</strong></span> <span class='ocrx_word' id='word_1_230' title='bbox 825 3251 1041 3316; x_wconf 89' lang='lat' dir='ltr'><strong>doctissimus</strong></span> <span class='ocrx_word' id='word_1_231' title='bbox 1057 3250 1224 3315; x_wconf 78' lang='lat' dir='ltr'><strong>Batonius</strong></span> <span class='ocrx_word' id='word_1_232' title='bbox 1238 3250 1322 3314; x_wconf 86' lang='lat' dir='ltr'><strong>Tra·</strong></span> 
     </span>
     <span class='ocr_line' id='line_1_30' title="bbox 218 3349 1322 3432; baseline 0.004 -18"><span class='ocrx_word' id='word_1_233' title='bbox 218 3349 335 3432; x_wconf 88' lang='lat' dir='ltr'><strong>janum</strong></span> <span class='ocrx_word' id='word_1_234' title='bbox 357 3352 522 3423; x_wconf 83' lang='lat' dir='ltr'><strong>homiuem</strong></span> <span class='ocrx_word' id='word_1_235' title='bbox 546 3358 730 3428; x_wconf 83' lang='lat' dir='ltr'><strong>externum,</strong></span> <span class='ocrx_word' id='word_1_236' title='bbox 751 3351 877 3418; x_wconf 84' lang='lat' dir='ltr'><strong>Nervae</strong></span> <span class='ocrx_word' id='word_1_237' title='bbox 899 3353 1087 3418; x_wconf 86' lang='lat' dir='ltr'><strong>nullatenus</strong></span> <span class='ocrx_word' id='word_1_238' title='bbox 1103 3351 1247 3432; x_wconf 87' lang='lat' dir='ltr'><strong>affinem,</strong></span> <span class='ocrx_word' id='word_1_239' title='bbox 1262 3373 1322 3418; x_wconf 89' lang='lat' dir='ltr'><strong>ne·</strong></span> 
     </span>
     <span class='ocr_line' id='line_1_31' title="bbox 224 3452 1321 3537; baseline 0.009 -23"><span class='ocrx_word' id='word_1_240' title='bbox 224 3469 303 3533; x_wconf 90' lang='lat' dir='ltr'><strong>que,</strong></span> <span class='ocrx_word' id='word_1_241' title='bbox 317 3458 355 3518; x_wconf 91' lang='lat' dir='ltr'><strong>ut</strong></span> <span class='ocrx_word' id='word_1_242' title='bbox 369 3473 471 3537; x_wconf 86' lang='lat' dir='ltr'><strong>supra</strong></span> <span class='ocrx_word' id='word_1_243' title='bbox 487 3455 612 3518; x_wconf 90' lang='lat' dir='ltr'><strong>dictum</strong></span> <span class='ocrx_word' id='word_1_244' title='bbox 631 3460 696 3532; x_wconf 90' lang='lat' dir='ltr'><strong>est,</strong></span> <span class='ocrx_word' id='word_1_245' title='bbox 715 3452 808 3523; x_wconf 88' lang='lat' dir='ltr'><strong>claro</strong></span> <span class='ocrx_word' id='word_1_246' title='bbox 826 3453 1005 3520; x_wconf 91' lang='lat' dir='ltr'><strong>admodum</strong></span> <span class='ocrx_word' id='word_1_247' title='bbox 1030 3475 1159 3537; x_wconf 82' lang='lat' dir='ltr'><strong>genere,</strong></span> <span class='ocrx_word' id='word_1_248' title='bbox 1185 3475 1262 3522; x_wconf 90' lang='lat' dir='ltr'><strong>cum</strong></span> <span class='ocrx_word' id='word_1_249' title='bbox 1278 3458 1321 3524; x_wconf 87' lang='lat' dir='ltr'><strong>ab</strong></span> 
     </span>
     <span class='ocr_line' id='line_1_32' title="bbox 224 3553 1322 3642; baseline 0.008 -26"><span class='ocrx_word' id='word_1_250' title='bbox 224 3553 302 3618; x_wconf 88' lang='lat' dir='ltr'><strong>aula</strong></span> <span class='ocrx_word' id='word_1_251' title='bbox 318 3554 435 3635; x_wconf 90' lang='lat' dir='ltr'><strong>procul</strong></span> <span class='ocrx_word' id='word_1_252' title='bbox 451 3555 594 3632; x_wconf 84' lang='lat' dir='ltr'><strong>abesset,</strong></span> <span class='ocrx_word' id='word_1_253' title='bbox 611 3554 772 3638; x_wconf 85' lang='lat' dir='ltr'><strong>singulari</strong></span> <span class='ocrx_word' id='word_1_254' title='bbox 798 3557 861 3622; x_wconf 90' lang='lat' dir='ltr'><strong>Dei</strong></span> <span class='ocrx_word' id='word_1_255' title='bbox 878 3558 1099 3640; x_wconf 89' lang='lat' dir='ltr'><strong>providentia,</strong></span> <span class='ocrx_word' id='word_1_256' title='bbox 1115 3558 1206 3642; x_wconf 94' lang='lat' dir='ltr'><strong>quod</strong></span> <span class='ocrx_word' id='word_1_257' title='bbox 1222 3564 1322 3625; x_wconf 87' lang='lat' dir='ltr'><strong>antea</strong></span> 
     </span>
     <span class='ocr_line' id='line_1_33' title="bbox 223 3651 1321 3742; baseline 0.005 -24"><span class='ocrx_word' id='word_1_258' title='bbox 223 3651 443 3738; x_wconf 89' lang='lat' dir='ltr'><strong>Vespasiano</strong></span> <span class='ocrx_word' id='word_1_259' title='bbox 476 3661 509 3720; x_wconf 90' lang='lat' dir='ltr'><strong>ct</strong></span> <span class='ocrx_word' id='word_1_260' title='bbox 530 3656 609 3722; x_wconf 87' lang='lat' dir='ltr'><strong>Tito</strong></span> <span class='ocrx_word' id='word_1_261' title='bbox 636 3659 829 3740; x_wconf 81' lang='lat' dir='ltr'><strong>contigerat,</strong></span> <span class='ocrx_word' id='word_1_262' title='bbox 854 3658 930 3723; x_wconf 91' lang='lat' dir='ltr'><strong>ideo</strong></span> <span class='ocrx_word' id='word_1_263' title='bbox 956 3669 1148 3742; x_wconf 88' lang='lat' dir='ltr'><strong>proveetum</strong></span> <span class='ocrx_word' id='word_1_264' title='bbox 1175 3679 1251 3724; x_wconf 87' lang='lat' dir='ltr'><strong>csse</strong></span> <span class='ocrx_word' id='word_1_265' title='bbox 1278 3659 1321 3724; x_wconf 85' lang='lat' dir='ltr'><strong>ad</strong></span> 
     </span>
     <span class='ocr_line' id='line_1_34' title="bbox 223 3755 1322 3844; baseline 0.007 -26"><span class='ocrx_word' id='word_1_266' title='bbox 223 3755 356 3820; x_wconf 88' lang='lat' dir='ltr'><strong>culmen</strong></span> <span class='ocrx_word' id='word_1_267' title='bbox 370 3757 511 3840; x_wconf 91' lang='lat' dir='ltr'><strong>imperii,</strong></span> <span class='ocrx_word' id='word_1_268' title='bbox 528 3759 619 3840; x_wconf 92' lang='lat' dir='ltr'><strong>quod</strong></span> <span class='ocrx_word' id='word_1_269' title='bbox 635 3759 743 3824; x_wconf 91' lang='lat' dir='ltr'><strong>adhuc</strong></span> <span class='ocrx_word' id='word_1_270' title='bbox 766 3779 859 3844; x_wconf 87' lang='lat' dir='ltr'><strong>puer,</strong></span> <span class='ocrx_word' id='word_1_271' title='bbox 882 3760 999 3826; x_wconf 88' lang='lat' dir='ltr'><strong>itidem</strong></span> <span class='ocrx_word' id='word_1_272' title='bbox 1014 3768 1053 3826; x_wconf 90' lang='lat' dir='ltr'><strong>ut</strong></span> <span class='ocrx_word' id='word_1_273' title='bbox 1067 3761 1128 3838; x_wconf 93' lang='lat' dir='ltr'><strong>illi,</strong></span> <span class='ocrx_word' id='word_1_274' title='bbox 1143 3761 1322 3844; x_wconf 88' lang='lat' dir='ltr'><strong>puniendis</strong></span> 
     </span>
     <span class='ocr_line' id='line_1_35' title="bbox 223 3854 787 3941; baseline 0.005 -22"><span class='ocrx_word' id='word_1_275' title='bbox 223 3854 247 3919; x_wconf 86' lang='lat' dir='ltr'><strong>J</strong></span> <span class='ocrx_word' id='word_1_276' title='bbox 249 3856 355 3921; x_wconf 88' lang='lat' dir='ltr'><strong>udaeis</strong></span> <span class='ocrx_word' id='word_1_277' title='bbox 371 3878 508 3941; x_wconf 89' lang='lat' dir='ltr'><strong>operam</strong></span> <span class='ocrx_word' id='word_1_278' title='bbox 525 3860 602 3923; x_wconf 91' lang='lat' dir='ltr'><strong>Deo</strong></span> <span class='ocrx_word' id='word_1_279' title='bbox 618 3866 787 3925; x_wconf 87' lang='lat' dir='ltr'><strong>navasset.</strong></span> 
     </span>
    </p>

    <p class='ocr_par' dir='ltr' id='par_1_5' title="bbox 268 3957 1321 4041">
     <span class='ocr_line' id='line_1_36' title="bbox 268 3957 1321 4041; baseline 0.009 -21"><span class='ocrx_word' id='word_1_280' title='bbox 268 3957 349 4024; x_wconf 92' lang='lat' dir='ltr'><strong>Hoc</strong></span> <span class='ocrx_word' id='word_1_281' title='bbox 374 3959 453 4027; x_wconf 92' lang='lat' dir='ltr'><strong>loco</strong></span> <span class='ocrx_word' id='word_1_282' title='bbox 474 3960 674 4033; x_wconf 79' lang='lat' dir='ltr'><strong>refellendus</strong></span> <span class='ocrx_word' id='word_1_283' title='bbox 701 3963 831 4032; x_wconf 90' lang='lat' dir='ltr'><strong>videtur</strong></span> <span class='ocrx_word' id='word_1_284' title='bbox 855 3962 957 4031; x_wconf 84' lang='lat' dir='ltr'><strong>Joan.</strong></span> <span class='ocrx_word' id='word_1_285' title='bbox 972 3962 1239 4041; x_wconf 78' lang='lat' dir='ltr'><strong>sarisberiensis,</strong></span> <span class='ocrx_word' id='word_1_286' title='bbox 1265 3962 1321 4029; x_wconf 86' lang='lat' dir='ltr'><strong>Fr.</strong></span> 
     </span>
    </p>
   </div>
   <div class='ocr_carea' id='block_1_5' title="bbox 223 4059 1321 4358">
    <p class='ocr_par' dir='ltr' id='par_1_6' title="bbox 223 4059 1321 4358">
     <span class='ocr_line' id='line_1_37' title="bbox 223 4059 1321 4149; baseline 0.007 -26"><span class='ocrx_word' id='word_1_287' title='bbox 223 4059 428 4138; x_wconf 87' lang='lat' dir='ltr'><strong>Petrarchae,</strong></span> <span class='ocrx_word' id='word_1_288' title='bbox 446 4062 654 4147; x_wconf 90' lang='lat' dir='ltr'><strong>aliommque</strong></span> <span class='ocrx_word' id='word_1_289' title='bbox 668 4064 796 4149; x_wconf 83' lang='lat' dir='ltr'><strong>opinio,</strong></span> <span class='ocrx_word' id='word_1_290' title='bbox 812 4066 870 4149; x_wconf 88' lang='lat' dir='ltr'><strong>qui</strong></span> <span class='ocrx_word' id='word_1_291' title='bbox 893 4085 935 4130; x_wconf 87' lang='lat' dir='ltr'><strong>ex</strong></span> <span class='ocrx_word' id='word_1_292' title='bbox 960 4063 1135 4129; x_wconf 90' lang='lat' dir='ltr'><strong>Plutarchi</strong></span> <span class='ocrx_word' id='word_1_293' title='bbox 1147 4064 1190 4129; x_wconf 88' lang='lat' dir='ltr'><strong>nd</strong></span> <span class='ocrx_word' id='word_1_294' title='bbox 1204 4065 1321 4149; x_wconf 85' lang='lat' dir='ltr'><strong>Traja-</strong></span> 
     </span>
     <span class='ocr_line' id='line_1_38' title="bbox 224 4160 1320 4251; baseline 0.004 -25"><span class='ocrx_word' id='word_1_295' title='bbox 224 4180 305 4226; x_wconf 91' lang='lat' dir='ltr'><strong>num</strong></span> <span class='ocrx_word' id='word_1_296' title='bbox 331 4160 499 4244; x_wconf 85' lang='lat' dir='ltr'><strong>Epistola,</strong></span> <span class='ocrx_word' id='word_1_297' title='bbox 525 4183 602 4248; x_wconf 84' lang='lat' dir='ltr'><strong>quoe</strong></span> <span class='ocrx_word' id='word_1_298' title='bbox 623 4184 681 4249; x_wconf 91' lang='lat' dir='ltr'><strong>pro</strong></span> <span class='ocrx_word' id='word_1_299' title='bbox 707 4167 927 4251; x_wconf 86' lang='lat' dir='ltr'><strong>supposititia</strong></span> <span class='ocrx_word' id='word_1_300' title='bbox 950 4167 993 4231; x_wconf 92' lang='lat' dir='ltr'><strong>ab</strong></span> <span class='ocrx_word' id='word_1_301' title='bbox 1013 4165 1148 4230; x_wconf 90' lang='lat' dir='ltr'><strong>eruditis</strong></span> <span class='ocrx_word' id='word_1_302' title='bbox 1168 4168 1320 4244; x_wconf 86' lang='lat' dir='ltr'><strong>habetur,</strong></span> 
     </span>
     <span class='ocr_line' id='line_1_39' title="bbox 224 4262 1321 4358; baseline 0.001 -28"><span class='ocrx_word' id='word_1_303' title='bbox 224 4262 455 4338; x_wconf 64' lang='lat' dir='ltr'><strong>existimarunt</strong></span> <span class='ocrx_word' id='word_1_304' title='bbox 468 4264 605 4353; x_wconf 85' lang='lat' dir='ltr'><strong>Trajani</strong></span> <span class='ocrx_word' id='word_1_305' title='bbox 619 4273 862 4354; x_wconf 82' lang='lat' dir='ltr'><strong>praeceptorem</strong></span> <span class='ocrx_word' id='word_1_306' title='bbox 875 4267 979 4335; x_wconf 83' lang='lat' dir='ltr'><strong>luisse</strong></span> <span class='ocrx_word' id='word_1_307' title='bbox 994 4265 1223 4334; x_wconf 87' lang='lat' dir='ltr'><strong>Plutarchum.</strong></span> <span class='ocrx_word' id='word_1_308' title='bbox 1247 4267 1321 4358; x_wconf 79' lang='lat' dir='ltr'><strong>Pri·</strong></span> 
     </span>
    </p>
   </div>
   <div class='ocr_carea' id='block_1_6' title="bbox 0 0 1561 4854">
    <p class='ocr_par' dir='ltr' id='par_1_7' title="bbox 0 0 1561 4854">
     <span class='ocr_line' id='line_1_40' title="bbox 0 0 1561 4854; baseline 0 0"><span class='ocrx_word' id='word_1_309' title='bbox 0 0 1561 4854; x_wconf 95' lang='lat' dir='ltr'><strong> </strong></span> 
     </span>
    </p>
   </div>
  </div>
 </body>
</html>
