3022 4852
232 324 279 388 40
554 299 603 388 nn
629 339 747 388 rursu
773 339 1016 390 rannerurco

233 479 420 564 proceritas
433 481 603 562 corporis,
621 481 694 564 jam
716 481 822 546 bonor
844 481 991 564 capitis.¹
1043 482 1130 550 Illud
1153 482 1260 566 ‘jam'
1282 491 1332 550 ter

234 581 413 666 repetitum
435 581 679 646 multitudinem
701 585 864 648 bonorum
889 590 1111 660 externorum,
1134 585 1256 669 quibos
1282 585 1333 648 di-

234 683 315 748 rino
351 701 486 748 munere
518 691 702 748 exornatus
730 685 910 772 Trajanns,
939 685 1086 750 inculcat
1114 686 1333 750 auditoribus.

236 783 363 848 Eodem
380 803 447 850 vox
463 784 585 856 eodem
603 785 743 849 consilio
759 786 858 850 etiam
875 805 950 870 cap.
968 803 1025 850 rx.
1041 785 1202 869 repetita:
1231 785 1332 850 ‘Jam

237 884 364 962 Caesar,
376 885 447 970 jam
473 885 671 968 Imperator,
681 886 754 969 jam
774 884 1016 952 Germanicus!
1059 887 1123 952 Vis
1146 895 1180 952 et
1200 889 1334 970 empha-

237 988 286 1052 sis
309 1006 391 1050 sane
416 989 503 1051 inest
522 987 624 1050 etiarn
647 989 680 1050 iu
702 1007 743 1051 ea
766 987 950 1071 anaphora,
970 1009 1070 1072 qnam
1094 1009 1170 1072 cap.
1193 1003 1233 1052 x.
1254 988 1335 1068 legi*

237 1107 334 1152 urus:
359 1091 370 1122 ‘
383 1087 469 1151 Cum
490 1087 563 1171 jam
588 1096 646 1153 tua
671 1088 808 1166 vexilla,
832 1098 911 1152 tuas
935 1091 1068 1173 aquilas
1091 1109 1210 1173 magno
1232 1089 1336 1172 grado

239 1189 402 1256 anteires:
429 1209 536 1272 neque
563 1190 659 1254 alind
685 1190 747 1255 tibi
773 1209 820 1254 ex
846 1191 905 1254 illa
931 1189 1125 1274 adoptione,
1150 1209 1249 1275 quam
1275 1191 1337 1254 tilii

239 1290 409 1374 pietatem,
430 1290 494 1354 filii
520 1292 722 1374 obsequium
750 1310 931 1367 assereres,
955 1291 1155 1375 longamque
1179 1291 1256 1356 huic
1277 1309 1338 1356 no·

240 1390 321 1454 mini
337 1399 486 1467 oetatem,
503 1391 637 1474 longam
653 1393 793 1474 gloriam
809 1390 1001 1476 precatore!
1038 1394 1162 1469 Sentis,
1175 1413 1238 1457 non
1251 1392 1338 1456 male

239 1494 347 1574 urgeri
366 1494 438 1568 illa,
452 1493 635 1575 Trajanum
658 1492 762 1558 ‘sua’
779 1495 904 1559 vexilla
926 1495 1088 1570 anteisse,
1109 1491 1207 1558 ‘filii’
1228 1494 1263 1557 in
1279 1511 1339 1556 no-

240 1594 330 1660 rnine
353 1614 390 1658 se
412 1594 615 1672 oblectasse,
636 1593 879 1678 ‘longamque’
901 1594 990 1676 patri
1012 1601 1145 1658 aetatem
1167 1602 1339 1676 precatum

241 1715 333 1758 esse.
379 1696 422 1760 Et
436 1703 547 1758 tamen
563 1696 738 1762 molestum
754 1717 830 1761 esse
845 1697 975 1779 incipit,
992 1697 1084 1778 quod
1103 1697 1138 1758 in
1156 1713 1341 1778 pancorum

242 1815 399 1860 versuum
427 1798 553 1861 ambitu
580 1798 706 1881 triplex
734 1798 902 1880 anaphora
927 1799 1081 1861 occurrit.
1126 1797 1241 1879 Atque
1266 1794 1342 1882 ejus

243 1897 369 1978 generis
389 1898 465 1962 loca
483 1897 628 1981 plurima
651 1898 758 1964 afferri
780 1901 929 1981 possunt.
973 1896 1061 1978 Cap.
1083 1911 1174 1960 x111.
1205 1894 1342 1958 ‘Unum

244 2017 291 2060 ex
323 1999 478 2062 omnibus
506 1983 616 2081 patrio
647 2017 751 2076 more,
777 1999 888 2081 patria
917 1999 1041 2062 virtute
1067 1999 1187 2074 letan,
1212 2003 1245 2060 et
1268 1996 1341 2060 sine

244 2099 368 2162 aemulo
384 2118 425 2162 ac
441 2100 514 2163 sine
529 2101 698 2182 exemplo,
714 2119 826 2164 secum
844 2107 983 2174 certare,
996 2119 1108 2163 secum
1123 2097 1344 2162 contendere!

245 2199 331 2280 Cap.
348 2215 494 2264 xxxiv.
518 2205 527 2235 ‘
542 2200 697 2265 Vidimus
712 2201 897 2266 delatorum
913 2220 1030 2282 agmen
1048 2201 1233 2277 inductum,
1246 2199 1345 2282 quasi

245 2305 486 2382 grassatorum,
509 2302 606 2382 qnasi
628 2302 809 2368 latronum·
840 2300 933 2365 -Non
959 2300 1174 2366 solitudinem
1196 2299 1258 2375 illi,
1280 2317 1346 2362 nou

246 2399 323 2475 iter,
340 2400 398 2463 sed
422 2403 593 2484 ternplum,
609 2403 668 2466 sed
691 2403 799 2466 forum
819 2403 1026 2466 insederant:
1052 2402 1146 2466 nulla
1157 2400 1228 2483 jam
1243 2405 1346 2464 testa·

247 2508 359 2564 menta
372 2493 501 2579 secura,
515 2504 639 2567 nullius
656 2511 764 2568 status
779 2511 911 2569 certus:
935 2523 999 2567 non
1014 2503 1154 2576 orbitas,
1168 2521 1235 2564 non
1248 2501 1345 2565 libori

247 2601 450 2685 proderant!
493 2603 578 2688 Cap.
595 2621 767 2670 uxxxrv.
791 2603 1018 2668 ‘Mulieribus
1035 2603 1166 2669 duabus
1180 2601 1214 2664 in
1228 2601 1346 2664 eadem

247 2703 349 2768 domo
375 2692 499 2768 nullum
526 2711 701 2784 conamen,
726 2705 819 2770 nulla
845 2707 1015 2770 contentio
1037 2712 1102 2771 est.
1149 2703 1347 2786 Suspicinnt

249 2804 407 2882 invicem,
436 2807 579 2870 invicem
609 2808 739 2870 cedunt.
758 2852 767 2870 .
784 2853 792 2870 .
811 2851 820 2868 .
836 2807 931 2871 Idem
957 2808 1089 2888 utrique
1121 2805 1347 2889 propositum,

249 2905 339 2968 idem
360 2911 453 2968 tenor
474 2907 564 2972 vitoe.
607 2907 659 2971 Te
686 2909 774 2970 enim
797 2909 936 2984 imitari,
958 2914 993 2970 te
1016 2907 1176 2989 subsequi
1199 2905 1348 2968 student.

251 3005 338 3070 ldeo
351 3013 489 3090 utraque
504 3027 612 3072 mores
627 3009 774 3086 eosdem,
786 3011 867 3091 quia
880 3019 1021 3090 utraque
1039 3015 1116 3071 tuos
1131 3009 1250 3071 babet:
1273 3005 1350 3069 inde

251 3106 449 3187 moderatio,
470 3107 550 3172 inde
575 3108 675 3172 etiam
701 3119 864 3193 perpetua
890 3108 1073 3174 securitas!
1117 3109 1199 3191 Cap.
1218 3123 1351 3170 xxvn.

252 3209 439 3290 ‘Magnum
465 3209 599 3293 quidem
623 3215 676 3273 est
700 3210 867 3274 educandi
889 3211 1148 3285 incitamentum,
1172 3209 1286 3273 tollere
1305 3207 1351 3271 li·

252 3311 354 3373 beros
376 3312 412 3373 in
432 3331 524 3393 spem
544 3311 797 3392 congiariorum,
811 3313 844 3375 in
859 3333 953 3393 spem
969 3312 1219 3389 alimentorum
1242 3309 1351 3392 maJ'os

253 3417 378 3486 tamen,
393 3412 426 3474 in
449 3430 544 3492 spem
565 3411 739 3489 libertatis,
755 3413 788 3474 in
810 3433 904 3495 spem
926 3410 1141 3476 securitatis!
1186 3409 1279 3489 Quid
1301 3413 1352 3474 in·

253 3511 388 3594 eptiusl
412 3511 492 3595 quid
508 3513 642 3576 auribus
657 3514 832 3579 molestius
852 3513 1005 3578 accidere
1021 3513 1132 3596 possit
1146 3521 1215 3576 tam
1230 3512 1352 3593 puerili

238 3613 437 3678 'eorundem
464 3613 639 3678 verborum
665 3616 887 3697 repetitionel
945 3610 1119 3678 Lectorem
1149 3619 1231 3695 puto
1258 3611 1353 3678 bisce

255 3715 424 3797 exemplis
447 3714 594 3796 legendis
617 3735 712 3799 aeque
735 3735 811 3780 esse
833 3715 1060 3796 defatigatum,
1079 3734 1121 3778 ac
1146 3733 1199 3777 me
1225 3715 1269 3778 iis
1294 3714 1353 3778 de-

256 3817 452 3880 scribendis.
506 3814 625 3897 Itaque
646 3817 744 3900 plura
767 3837 833 3882 non
861 3812 972 3897 addo;'
1001 3816 1186 3900 praesertim
1215 3834 1292 3878 curn
1321 3822 1355 3879 et

258 3917 361 3991 alind,
375 3917 452 3982 buic
468 3916 685 3996 simillimum,
696 3921 813 3984 vitium
824 3920 896 4003 jam
912 3920 954 3982 slt
966 3917 1184 3998 culpandum.
1219 3916 1354 3998 Nempe
1392 3921 1395 3931 '

257 4027 292 4082 et
307 4019 374 4080 alio
390 4019 490 4083 modo
505 4020 642 4082 verbum
659 4019 853 4102 praecedens
869 4017 1062 4102 repetendo,
1075 4017 1245 4100 pueriliter
1258 4017 1355 4080 ludit.
1370 4025 1374 4033 “
1411 4079 1413 4082 .

259 4119 343 4202 Gap.
360 4135 427 4183 r11.
449 4119 660 4204 ‘Suscepisti
683 4120 868 4204 imperinm,
883 4127 1065 4204 postquam
1085 4119 1190 4190 aliurn
1205 4118 1357 4200 susecpti
