3088 4848
241 393 320 458 ’806
620 404 651 456 o.
675 405 799 455 rnrurr
825 405 1018 458 secerni:

296 551 388 617 Gne.
406 565 545 616 nxvur.
588 549 620 612 1.
639 550 746 632 Cepis
761 569 851 631 ergo,
866 547 996 629 Ceesur,
1011 549 1132 616 seintis
1144 553 1215 618 tnoe
1230 553 1354 637 pierio*

253 654 420 719 sissimum
434 653 577 718 fructum
592 672 638 716 ex
652 667 818 718 consensu
834 654 993 717 Deorum.
1031 653 1134 732 Nem,
1148 653 1246 720 curnk
1260 659 1353 722 exera

252 758 340 840 pies,
366 760 400 819 ut
425 755 472 820 ite
495 756 628 820 demum
650 759 709 818 ‘te
731 754 790 817 Dii
806 761 951 831 servent,
966 753 1094 818 sibene
1109 757 1353 839 rempublicam

251 867 342 924 etex
357 857 503 922 utilitate
518 857 664 920 omnium
680 853 831 926 rexeris,’
847 863 959 921 certus
974 875 1025 934 es,
1046 861 1078 920 te
1092 857 1179 922 bene
1195 860 1352 941 rempui»

250 959 349 1024 licem
364 979 485 1042 gerere,
502 977 578 1024 cum
595 963 737 1020 servent.
781 956 814 1020 2.
837 956 956 1040 Itaque
971 975 1111 1022 securus
1127 957 1190 1022 tibi
1203 961 1236 1022 et
1250 959 1352 1023 laetus

200 1113 202 1120 ,
250 1061 323 1125 dies
338 1062 419 1136 exit,
436 1061 494 1144 qni
510 1060 675 1143 principes
696 1059 784 1122 alios
798 1078 878 1122 cura
892 1066 927 1122 et
943 1063 1031 1122 metu
1047 1058 1248 1124 distinebat:
1271 1079 1351 1124 curu

249 1166 404 1246 suspensi
430 1172 465 1228 et
491 1161 636 1237 attoniti,
660 1179 846 1244 perumque
876 1162 994 1226 confisi
1028 1161 1196 1244 patientie
1225 1167 1350 1238 nostru,

249 1264 327 1328 hinc
352 1273 450 1349 etque
479 1264 557 1329 iude
580 1265 726 1347 pubiicee
752 1263 924 1328 servitutis
951 1264 1089 1328 nuntios
1115 1262 1350 1348 expectarent.¹

248 1365 281 1430 3.
304 1365 357 1431 Αο
373 1369 403 1431 si
418 1367 504 1431 forte
519 1367 653 1449 sliquos
676 1367 822 1441 iiumiua,
840 1367 948 1443 nives,
962 1365 1066 1447 venti,
1082 1365 1351 1448 praepedissent3

215 1491 218 1496 ·
248 1471 363 1532 stetim
378 1468 442 1534 hoc
457 1467 542 1533 iilud
568 1487 644 1532 esse
666 1467 855 1544 credebant,
873 1467 967 1550 quod
983 1467 1224 1534 merebuntur.¹⁰
1270 1464 1349 1531 Nec

247 1577 318 1636 erat
331 1571 512 1634 discrimen
525 1569 627 1634 ulium
644 1570 801 1653 pavoris:
815 1575 993 1652 propterea
1010 1568 1112 1652 quod,
1128 1587 1206 1633 cum
1222 1589 1243 1633 a
1257 1568 1352 1634 melo

248 1673 400 1755 principe
416 1683 575 1755 tanquam
592 1691 774 1736 successor
789 1674 955 1749 timeatur,
968 1672 1124 1756 quisquis
1136 1676 1189 1734 est
1203 1671 1350 1753 dignior;

248 1791 324 1838 oum
340 1774 383 1838 sit
399 1793 499 1838 nemo
520 1792 586 1838 non
610 1773 754 1856 dignior,
771 1794 889 1839 omnes
903 1775 1069 1839 timentur.
1112 1773 1145 1836 4.
1168 1773 1278 1838 'l’uem
1295 1793 1352 1836 se-

178 1875 184 1884 '
247 1875 424 1940 curitetem
447 1896 514 1940 non
528 1895 619 1968 mpru
635 1877 838 1953 nuntiorum,
857 1894 924 1940 non
938 1876 1104 1942 literarum
1112 1875 1270 1952 tarditas,
1285 1876 1350 1939 dii⁴

245 1979 329 2042 sert:
352 1975 431 2051 scis,
456 1979 517 2042 tihi
530 1967 662 2064 *ubique
679 1977 797 2060 jurari,
811 1995 889 2040 cum
903 1977 979 2059 ipse
995 1977 1160 2058 juraveris
1182 1979 1347 2042 omnibus.

245 2081 278 2144 5.
302 2079 412 2143 Nemo
431 2079 493 2144 hoc
515 2081 605 2143 sibi¹¹
627 2099 694 2144 non
716 2085 869 2162 praestet·
911 2077 1079 2142 Amemus
1095 2078 1231 2162 quidem
1246 2084 1290 2154 te,
1312 2079 1347 2140 in

245 2185 404 2264 quantum
419 2181 575 2259 mereris;
598 2179 689 2244 istud
705 2185 818 2242 temen
833 2197 901 2242 non
916 2180 965 2244 tui
981 2178 1125 2244 fecimus
1142 2197 1267 2257 umore,
1283 2180 1345 2244 sed

245 2281 369 2346 nostri:
391 2300 619 2364 necunquam
644 2279 820 2345 illucescat
844 2281 928 2358 dies,
944 2301 1010 2366 quo
1036 2300 1097 2364 pro
1121 2286 1154 2345 te
1174 2285 1351 2366 nuncupet

245 2392 337 2462 rote,
353 2403 420 2448 non
435 2384 565 2448 utilitas
581 2389 709 2462 nostra,
723 2382 784 2446 sed
800 2382 908 2459 fides‚‘
922 2381 1051 2447 Caesar.
1094 2383 1127 2446 6.
1148 2383 1275 2466 Turpis
1294 2391 1345 2446 tu·

244 2485 314 2552 tela
329 2485 518 2570 principis,⁰
534 2487 591 2552 cui
612 2491 725 2569 potest
741 2485 916 2568 imputari.
962 2483 1066 2564 Queri
1081 2485 1189 2563 libet?
1205 2483 1296 2567 quod
1311 2485 1347 2550 in

275 2644 286 2672 a
303 2638 358 2694 Quo
373 2637 412 2688 die
425 2651 470 2700 pre
480 2635 630 2695 tefnciurees
639 2640 695 2686 eote
705 2648 753 2684 eeu
760 2639 859 2697 propter
868 2635 987 2684 commodo
999 2637 1091 2690 nostru,
1104 2634 1146 2682 sed
1162 2638 1260 2697 propter
1267 2633 1345 2698 fidere

243 2701 382 2766 imperatori
396 2701 509 2754 deditum.

705 2777 735 2798 ec
736 2775 887 2802 eeeeee

248 2879 253 2886 ’
276 2863 344 2912 cte.
356 2873 455 2911 nxvrrr.
468 2891 470 2896 -
489 2863 503 2908 1
520 2859 572 2909 Sex
584 2857 661 2907 codd.
673 2857 735 2908 item
746 2860 852 2909 Puteoi.
868 2858 929 2908 Aid.
950 2857 1070 2908 Beroaid.
1082 2857 1191 2920 Cuspio.
1202 2857 1345 2907 Philomus.

244 2925 344 2989 Gryph.
362 2928 440 2974 Grut·
459 2925 492 2972 ui.
517 2929 541 2971 te
559 2924 609 2972 Dei
624 2929 727 2972 servent.
761 2925 833 2982 Mox,
850 2924 906 2972 berre
922 2929 946 2972 te
965 2922 1042 2972 codd.
1055 2922 1129 2972 Vett.
1143 2925 1166 2971 i.
1177 2926 1202 2972 2.
1220 2921 1304 2970 Paris.
1315 2931 1344 2970 et

244 2990 418 3039 Schwereien.
435 2987 600 3049 rempublicam
615 3000 698 3047 gerere
715 2991 742 3036 ut
758 3001 789 3036 ex
806 2987 912 3036 utilitate
927 2988 1029 3035 omnium
1040 2985 1110 3036 Gud.
1124 2991 1147 3035 1.
1159 2993 1187 3035 et
1198 2987 1263 3036 Exc.
1275 2987 1343 3036 Scei.

243 3053 410 3117 rempublicam
425 3067 507 3114 regere
530 3051 588 3100 cod.
608 3052 701 3100 Peter.
720 3065 736 3099 a
755 3066 789 3100 m.
808 3055 910 3100 sec-2
928 3051 998 3100 Oiim
1017 3052 1104 3114 euigg.
1125 3051 1176 3098 dier
1191 3052 1261 3108 exit,
1284 3051 1342 3100 cod.

242 3118 416 3168 Schwersteu.
433 3131 528 3166 securus
538 3115 582 3164 etet
593 3120 619 3164 et
629 3116 718 3164 iueteee
727 3116 777 3164 dier
788 3116 848 3164 exit.
875 3116 950 3178 Mox,
961 3115 1072 3164 Ritters.
1084 3115 1153 3176 conj.
1169 3115 1268 3176 pettieoe
1277 3130 1343 3164 eece·

242 3182 383 3232 rimie—3
400 3183 484 3232 Oodd.
500 3180 593 3230 Seiisb.
611 3179 725 3240 (irretpir.
746 3181 838 3232 Pater.
855 3180 1025 3230 Schwurrien.
1043 3187 1070 3228 et
1082 3180 1145 3230 Ere.
1156 3180 1230 3230 Voss.
1247 3180 1343 3241 quisque

243 3252 280 3297 ert
290 3248 443 3308 digitium-t
461 3248 520 3295 Ver.
529 3249 554 3294 t.
572 3243 616 3292 titi
626 3246 728 3306 nudique
738 3245 830 3304 jurari.
863 3244 1042 3305 ii'einriciriur,
1054 3259 1105 3292 eum
1115 3243 1283 3306 epejurneen's
1293 3259 1344 3295 oru-¹

243 3310 369 3362 nibus-t
388 3312 464 3360 Nemo
481 3311 524 3358 troc
541 3309 588 3358 sibi
605 3323 651 3358 non
669 3310 753 3358 codex
772 3309 857 3359 Lirin.
875 3316 903 3359 et
922 3309 966 3358 eiii
986 3315 1098 3376 quatuor
1115 3322 1158 3371 ep·
1177 3308 1342 3360 Schwerne-

737 3420 847 3474 NOTAE

243 3515 360 3569 obtestor
375 3520 454 3573 Deos,
471 3524 502 3566 ut
517 3529 573 3566 eam
592 3517 715 3580 reiigione
730 3532 772 3567 vo·
844 3525 861 3551 ¹¹¹
879 3518 949 3574 Quod
956 3517 1117 3582 merebamur]
1142 3516 1245 3580 Nempe
1255 3519 1284 3565 nt
1295 3517 1343 3566 eii·

243 3605 328 3646 torum
345 3595 489 3656 absolvent,
506 3607 571 3643 nere
584 3606 616 3641 eu
627 3593 772 3657 persoluere
811 3607 860 3658 que
870 3595 1004 3655 provincie
1015 3593 1149 3644 deiiceret.

243 3669 465 3724 necesseirnbect.
843 3669 949 3718 nutem
965 3668 1082 3732 ioeeibt]
1109 3669 1194 3718 Nemo
1210 3669 1340 3732 cet,quin

275 3745 288 3779 ἱ
307 3747 378 3802 Nam,
389 3743 452 3810 eum]
468 3743 533 3793 Cum
545 3742 613 3792 enim
628 3757 660 3794 ee
671 3749 771 3794 mutum
812 3757 857 3790 sue
869 3757 946 3792 ceusu
957 3742 982 3791 id
992 3741 1082 3799 saciat,
1092 3757 1142 3792 non
1157 3751 1209 3792 tna.

242 3823 405 3886 exceptione,
416 3820 442 3868 id
455 3821 505 3880 est,
514 3834 545 3868 ee
553 3820 702 3869 conditione
711 3835 771 3870 eon·
844 3827 856 3852 ⁰
874 3819 960 3883 Turpis
971 3823 1044 3870 tutela
1053 3817 1181 3884 principis]
1198 3819 1287 3882 Turpe
1299 3827 1341 3869 eet

243 3898 368 3947 serverin
383 3897 441 3946 Diis
459 3897 532 3958 veiis,
542 3901 571 3946 ut
581 3903 608 3945 tu
622 3905 692 3946 recte
703 3911 770 3946 rem·
812 3896 932 3960 principi,
950 3911 1008 3946 enm
1025 3897 1113 3959 popuii
1127 3895 1154 3944 in
1166 3896 1222 3959 ejus
1233 3897 1340 3945 otieute·

242 3973 374 4038 publicem
386 3971 559 4021 administres.
810 3973 861 4020 iem
872 3987 899 4021 se
910 3971 1059 4034 conserunt,
1076 3986 1127 4021 nnn
1144 3972 1256 4034 propriae
1272 3971 1340 4020 mitt·

274 4047 282 4085 ¹
299 4047 471 4112 depecterent]
490 4048 582 4097 Certos
593 4048 769 4113 hominee,qui
810 4050 871 4098 tetis
883 4049 975 4110 gretie,
991 4047 1037 4096 sed
1053 4055 1081 4098 ut
1093 4049 1116 4097 ei
1130 4049 1214 4110 potius
1226 4049 1275 4097 hoc
1292 4048 1338 4096 im-

242 4125 353 4173 mititum
366 4131 393 4173 et
409 4124 597 4188 provinciarum
612 4125 718 4173 soienue
725 4125 769 4188 ju·
810 4133 913 4189 putent,
923 4124 949 4175 id
966 4131 1016 4188 eet,
1029 4124 1147 4176 beneficii
1164 4125 1221 4176 ioco
1237 4124 1301 4174 iiiuti
1313 4127 1338 4174 ei

242 4209 385 4248 ramentum
404 4200 529 4264 principis
545 4200 646 4249 nornine
661 4209 769 4263 quoten·
809 4202 934 4251 tribuent.

242 4275 281 4326 nis
294 4275 452 4339 exciperent.
841 4283 856 4318 P
872 4277 947 4334 Queri
966 4275 1034 4338 ittet]
1054 4278 1160 4328 Factum
1175 4275 1253 4333 maie,
1269 4274 1343 4339 quod·
