3022 4852
616 387 859 438 nrsruravro.
1239 367 1296 440 ra

184 527 263 594 bat!
309 528 396 612 Cap.
414 545 526 594 xcix.
550 528 959 612 ‘Dimovitperiregitque
975 528 1148 595 custodias
1163 531 1281 609 Poenu,

184 637 413 712 angustosque
441 649 499 712 per
524 628 636 694 aditus
663 638 697 694 et
721 631 926 706 obstructos,
946 649 1011 694 non
1037 650 1136 694 secus
1160 651 1201 696 ac
1225 653 1282 715 per

185 739 322 819 apertas
336 732 433 808 iores,
449 738 485 794 et
499 731 672 794 invitantia
687 717 811 807 limina,
827 728 963 812 irrupit!
1006 729 1090 814 Cap.
1107 750 1141 794 n.
1163 736 1173 765 ⁴
1186 734 1281 804 AEdi·

184 833 260 896 licia
289 832 412 896 sentire
438 837 471 896 et
492 832 600 896 laetari
625 832 787 906 videntur,
808 831 898 914 quod
920 831 1069 908 niteant,’
1091 836 1152 896 &a
1195 834 1281 915 Cap.

187 949 281 996 nvn.
315 932 517 1014 ‘Trajanum
544 935 611 998 ciet
639 933 845 1010 consulatus,
872 932 1011 1016 ejusque
1039 934 1104 996 sibi
1135 934 1280 998 humeris

185 1034 294 1116 attolli
309 1040 341 1097 et
352 1052 530 1115 augescere
544 1034 697 1100 videtur?
734 1033 820 1115 Cap.
838 1049 999 1098 cxxxvi.
1023 1033 1221 1098 ‘Danubius
1237 1053 1279 1100 ac

185 1133 324 1222 ¹Rhenus
341 1140 471 1199 tantum
495 1134 668 1199 dedecoris
694 1134 817 1208 vobere
840 1135 1039 1215 gaudebant,
1065 1155 1128 1198 non
1154 1137 1281 1201 minore

187 1223 262 1298 cnm
277 1234 403 1317 pudore
417 1237 561 1317 imperii,
579 1237 671 1320 qnod
694 1237 768 1302 hacc
789 1236 956 1300 Romanae
973 1238 1107 1320 aq-uilae,
1125 1236 1281 1301 Rerum

185 1334 291 1416 signa,
307 1335 465 1400 Romana
480 1336 623 1420 denique
639 1340 724 1420 ripa,
740 1357 842 1420 quam
857 1337 946 1420 quod
960 1338 1106 1401 hostium
1122 1357 1281 1420 prospec-

183 1433 313 1501 tarent.'
344 1437 527 1520 Triplicem
542 1440 575 1514 h,
590 1439 611 1502 l.
625 1439 821 1504 observabis
835 1439 1125 1521 prosopopoeiam
1147 1439 1281 1503 fiumina

184 1538 273 1602 eninr
290 1537 479 1620 ‘gaudent'
500 1538 666 1622 ‘pudore’
688 1539 833 1604 afficitur
843 1539 1028 1622 imperium,
1044 1540 1137 1620 signa
1149 1544 1182 1602 et
1197 1541 1280 1621 ripae

184 1639 444 1722 ‘prospectant'
487 1640 572 1725 Gap.
598 1657 774 1717 cxxxvii.
808 1641 975 1705 ‘Fortuna
997 1640 1189 1722 Principum
1213 1659 1280 1704 non

184 1740 284 1824 modo
299 1741 432 1820 domos,
448 1743 509 1806 sed
526 1743 682 1807 cubicula
694 1745 783 1825 ipsa,
797 1743 997 1824 intimosque
1013 1761 1163 1806 secessus
1173 1743 1281 1826 reclu-

183 1843 246 1920 dit,
258 1843 438 1926 omniaque
454 1864 578 1909 arcana
590 1844 758 1909 noscenda
768 1843 868 1922 fernae
885 1843 1040 1924 proponit
1055 1850 1155 1925 atquc
1171 1843 1280 1925 expli·

185 1943 263 2008 cet'
306 1944 393 2027 Gap.
418 1961 571 2009 cxxxv.
595 1944 776 2012 ‘Amicitia
799 1945 896 2027 pulsa
915 1950 950 2007 et
967 1961 1080 2007 errans
1095 1941 1282 2008 reducitur.'

184 2044 271 2128 Cap.
291 2062 435 2110 [axin.
450 2066 491 2110 eo
505 2047 648 2120 defertur
658 2033 758 2110 animi
773 2045 901 2121 ardore,
918 2050 955 2108 ut
968 2055 977 2080 ‘
988 2045 1126 2121 curiam,
1139 2044 1279 2126 ejusque

184 2145 283 2212 sedes
296 2149 394 2229 quasi
405 2167 623 2230 responsurus
636 2146 1016 2228 interroget,viderintne
1030 2165 1172 2228 unquam
1184 2144 1280 2212 Prin-

185 2248 272 2330 cipis
302 2247 489 2330 lacrymas!
542 2247 828 2330 Quemadmodum
860 2267 921 2331 per
949 2246 1189 2330 apostrophen*
1205 2265 1279 2330 cap.

184 2343 335 2428 xxx1x.
357 2350 511 2413 absentes
531 2349 724 2434 alloquitur,
751 2349 871 2412 ‘Soror
893 2349 977 2414 estis
999 2356 1032 2413 et
1050 2348 1279 2420 irater...bo·

182 2449 344 2514 nestiores
370 2447 606 2533 perfruemur?
628 2450 678 2514 ita
705 2457 739 2513 et
770 2469 830 2533 per
860 2451 1169 2514 sermocinationem
1191 2450 1278 2517 alios

183 2550 360 2632 loquentes
389 2550 526 2615 inducit.
582 2550 661 2615 Non
694 2551 962 2615 commemorabo
998 2551 1151 2615 breviora
1176 2551 1235 2614 illa
1261 2570 1280 2614 e

184 2672 260 2735 cap.
281 2667 425 2715 xxxvl.
447 2652 578 2733 longius
596 2659 628 2716 et
644 2653 806 2732 insignius
821 2652 1009 2733 exemplum
1025 2651 1187 2714 habemus
1202 2670 1278 2734 cap.

185 2765 269 2816 nix.
286 2773 338 2836 sq.
355 2753 446 2834 qnod
468 2772 533 2815 non
549 2754 684 2816 omniuo
699 2751 798 2815 nobis
819 2753 964 2834 probari,
982 2758 1067 2816 notae
1085 2758 1206 2816 nostrae
1221 2753 1280 2816 do·

183 2855 311 2918 cebunt.
356 2853 451 2918 Huic
476 2853 560 2917 adde
586 2853 675 2918 aliud
704 2873 723 2916 e
752 2872 828 2935 cap.
854 2851 1278 2936 nxvrr1.ubiTrajanum

182 2965 297 3022 seeum
311 2955 526 3018 disserentem
539 2954 639 3020 facit:
663 2954 756 3037 ‘Ego
771 2954 905 3037 quidem
921 2955 955 3042 in
970 2952 1042 3032 me,'
1057 2957 1118 3018 &e
1151 2953 1279 3018 Similis

180 3055 260 3120 huic
274 3055 389 3137 figurae
405 3063 459 3134 est
471 3075 523 3134 ea,
539 3076 637 3140 quam
661 3057 805 3121 rhetores
827 3055 1031 3138 ethopoeiam
1052 3062 1184 3132 vocant,
1199 3073 1279 3137 quae

182 3169 218 3221 ct
241 3156 318 3238 ipsa
338 3157 488 3240 pluribus
512 3157 630 3221 Nostri
650 3159 736 3222 loeis
757 3158 918 3220 illustrari
940 3157 1041 3219 facilc
1059 3163 1195 3236 posset3
1218 3155 1280 3232 sed

182 3257 318 3322 dnobus
345 3257 570 3339 deiungemur.
614 3255 712 3322 Alter
736 3264 790 3318 est
819 3275 894 3338 cap.
925 3271 992 3318 XV.
1027 3253 1174 3319 ‘Veniet
1199 3273 1278 3336 ergo

182 3370 328 3442 tempus,
344 3379 411 3442 quo
426 3361 555 3442 posteri
569 3359 697 3436 visere:
712 3361 772 3430 &c
795 3357 880 3420 alter
894 3375 971 3439 cap.
989 3371 1093 3420 xxrr.
1117 3356 1187 3420 ‘Te
1203 3375 1278 3438 par·

182 3461 254 3526 vuli
268 3459 430 3535 noscere,’
449 3464 509 3524 &c-
526 3461 648 3542 quibus
666 3459 836 3541 perlectis,
853 3478 963 3524 mores
977 3458 1147 3522 hominum
1162 3458 1204 3522 ad
1220 3477 1277 3544 na·

181 3567 263 3626 turae
287 3563 456 3636 veritatem
488 3579 666 3644 expressos
691 3581 778 3638 esse,
802 3560 890 3624 haud
914 3559 1128 3627 inficiaberis.
1174 3547 1302 3626 Mitto'

181 3664 294 3746 plures
310 3662 407 3739 alies,
425 3661 484 3725 sed
508 3662 661 3740 leviores,
683 3661 819 3744 figuras,
840 3647 1082 3743 gradationem,
1099 3662 1277 3726 correctio-

181 3785 266 3840 nem,
293 3763 563 3846 praeteritionem,
584 3761 1017 3846 polysyndeta„asyndeta,
1033 3780 1110 3844 quae
1136 3761 1168 3823 in
1188 3760 1277 3834 aesti-

179 3866 306 3953 mando
321 3864 386 3929 hoc
403 3863 573 3928 volumine
585 3872 646 3928 aut
667 3864 769 3940 nullo,
784 3872 843 3927 ant
862 3863 985 3943 exiguo
1000 3849 1090 3927 certe
1109 3868 1278 3950 momento

181 3974 269 4030 sunt.
317 3967 369 4028 Ex
391 3967 446 4044 iis,
470 3985 546 4047 quae
570 3964 732 4028 hactenus
754 3962 1014 4047 disputavimus,
1031 3961 1175 4026 Plinium
1191 3962 1277 4026 satis

181 4075 279 4152 patet
294 4068 383 4131 omni
399 4067 532 4152 quidem
551 4065 677 4140 studio,
693 4074 838 4131 ceterum
854 4066 948 4131 vario
959 4081 1131 4140 successu,
1143 4063 1178 4127 id
1190 4063 1275 4146 egis·

180 4187 229 4249 se,
242 4174 280 4233 ut
293 4169 408 4253 liguris
424 4169 568 4242 variaret
582 4167 768 4236 orationem
783 4171 922 4234 suamet
936 4170 1073 4264 ornaret.
