3100 4854
228 359 294 426 144
587 369 620 422 n.
643 369 767 422 setun
793 367 962 423 sncnrtns

227 521 317 585 biam
334 515 466 595 credat3
489 534 566 580 curu
588 517 629 580 de
654 517 858 600 frugalitate,
884 489 1072 604 luxuriamg
1094 531 1170 580 cum
1195 513 1236 579 de
1260 514 1327 582 cle-

227 617 362 694 mentie,
378 615 632 698 crudelitatem'3
656 638 730 682 cnm
746 618 788 683 de
801 619 1013 696 liberalitate,
1030 617 1224 698 avaritiam
1252 635 1329 684 cuns

228 721 271 784 de
295 719 512 800 benignitate,
531 719 692 798 livorem3
717 739 794 784 cum
826 719 868 784 de
897 719 1113 796 continentia,
1139 717 1330 798 libidinemt

229 825 306 886 'curn
335 821 376 885 de
405 819 533 896 labore,
561 819 734 900 inertiam
766 839 843 886 curn
873 820 918 885 de
940 819 1141 897 fortitudine,
1167 820 1330 885 timorema

229 924 262 988 5.
283 921 337 986 Ac
350 942 392 986 no
406 921 489 986 illud
506 919 638 1004 quidem
656 941 783 998 vereor,
802 941 843 986 ne
867 927 980 1004 gratus
998 921 1187 1002 ingratusne
1202 919 1329 999 videar,

228 1031 329 1107 prout
343 1023 440 1101 satis,
456 1028 515 1088 aut
530 1041 663 1105 perum,
677 1023 808 1088 dixero.
852 1021 1095 1088 Animaduerto
1111 1023 1212 1098 eninr,
1227 1021 1328 1090 etlam

230 1124 324 1188 Deos
343 1125 436 1206 ipsos
448 1142 518 1188 nou
539 1130 606 1188 tarn
629 1125 796 1189 accuratis
820 1123 1027 1188 adorantium
1046 1123 1215 1205 precibus,
1229 1139 1329 1204 quern

229 1223 421 1290 innocentia
446 1227 480 1287 et
504 1225 691 1302 sanctitate,
713 1225 842 1305 lecteri3
865 1223 1108 1307 gratioremque
1132 1224 1329 1300 existimari,

230 1326 290 1410 qui
309 1325 460 1392 delubris
482 1345 597 1390 eorum
621 1345 740 1410 puram
761 1331 957 1410 castamque
976 1331 1249 1409 mentem,.quam
1270 1328 1330 1409 qui
1369 1372 1373 1378 .

229 1425 424 1493 meditaturo
440 1435 598 1504 currrren,q
621 1427 782 1492 intulerit.

274 1527 364 1591 Gur.
381 1544 440 1591 ιν..
477 1528 510 1590 1.
532 1527 601 1591 Sed
620 1527 804 1610 parendum
823 1531 877 1592 est
898 1531 1035 1591 senatus
1058 1525 1240 1603 consulto,‘
1259 1545 1331 1610 quo

230 1646 274 1692 ex
304 1627 447 1690 utilitate
470 1627 606 1709 publice
628 1627 767 1711 placuit,
788 1634 828 1692 nt
852 1627 1011 1691 Consulis
1032 1645 1125 1704 voce,
1150 1627 1213 1690 sub
1232 1627 1330 1694 titulo

230 1729 407 1808 gratiarum
423 1726 636 1809 agendarum,
647 1728 728 1791 boni
745 1727 937 1809 Principes,
952 1745 1030 1811 qnae
1040 1727 1200 1806 facerent,
1215 1745 1333 1810 recog-

230 1837 428 1910 noscerent3
458 1829 548 1908 mali,
564 1850 639 1914 quee
654 1830 766 1894 facere
782 1829 948 1895 deberent.
991 1830 1025 1908 2,
1047 1827 1089 1894 Id
1104 1847 1197 1898 nunc'
1208 1829 1331 1896 conia·

689 2039 873 2064 ”tenuent

231 2155 281 2209 He
294 2163 405 2221 quatuor
416 2170 504 2216 voces,
514 2156 765 2217 eum'deeorrtiurrrtiu,
774 2160 904 2220 libidinem,
914 2159 1096 2220 pretermissas
1108 2163 1169 2208 sunt
1181 2158 1207 2208 in
1219 2157 1332 2222 Gtrelplr.

231 2227 279 2270 -5
297 2221 374 2284 Acuue
386 2221 445 2270 illud
455 2223 549 2288 quidem
562 2223 675 2285 Guelph.
693 2231 720 2272 et
736 2225 806 2274 Gud.
817 2228 843 2273 2.
870 2223 1038 2272 Animadverti
1055 2223 1192 2272 iniisdem.
1221 2225 1255 2272 Et
1266 2225 1332 2274 Deos

230 2286 295 2348 ipsos
307 2285 390 2334 Paris.
401 2285 531 2335 etSalisb.
556 2287 707 2336 ‘Livineius
726 2287 789 2350 iprae
807 2286 833 2336 in
853 2292 979 2335 contextu
996 2289 1156 2350 neglexerat,
1171 2285 1217 2336 seli
1235 2289 1262 2336 in
1281 2289 1332 2336 suis

231 2349 309 2398 codd.
321 2349 380 2396 addi
394 2351 492 2399 monuit
504 2350 530 2397 io
542 2350 676 2414 margine!
687 2350 773 2401 Astu.
794 2351 969 2413 gratioremque
978 2365 1010 2400 en
1019 2351 1051 2398 r'is
1062 2351 1154 2400 Salisb.
1164 2365 1178 2399 a
1190 2365 1230 2415 pr.
1241 2365 1332 2404 mann:

230 2413 290 2471 elle,
301 2413 394 2462 deletis
407 2413 513 2461 vocibus
523 2428 554 2462 ex
565 2414 606 2474 r'r's,
617 2416 643 2463 in
655 2415 771 2476 margine
783 2414 917 2478 rescripsit
927 2415 1070 2463 ecietturarr'.
1315 2439 1317 2443 ·

265 2477 333 2525 Cur.
347 2489 387 2525 rr.
418 2482 429 2524 l
444 2477 493 2526 Sed
503 2479 641 2540 petendam,
652 2480 745 2527 omisso
754 2483 799 2538 est,
811 2479 924 2540 Guelplr.
934 2480 942 2505 ‘
953 2480 1014 2540 quod
1022 2493 1053 2527 ec
1063 2478 1168 2527 utilitate
1178 2478 1272 2540 polluo
1281 2481 1334 2542 plu·

231 2541 282 2591 ruit
292 2541 369 2590 codd.
381 2541 466 2589 Paris.
476 2542 570 2590 venet.
582 2542 676 2593 Peter.
687 2557 769 2605 meus,
781 2544 847 2591 tiber
858 2541 953 2591 Verrii.
980 2542 1011 2590 ln
1021 2542 1151 2605 impressis
1160 2543 1239 2590 etiam
1252 2544 1334 2592 Pute-

231 2608 330 2665 olanos,
344 2606 453 2669 Nerius,
462 2605 611 2669 sichardus,
620 2614 648 2656 et
660 2621 727 2656 nuuc
739 2606 905 2668 Arutzeuius,
916 2606 958 2670 qui
971 2619 1072 2654 omnem
1083 2604 1262 2655 difficultatem
1275 2609 1334 2656 sub·

230 2671 310 2720 letum
324 2669 355 2718 iri
367 2677 453 2732 putat,
464 2671 485 2719 si
497 2670 574 2718 tnodo
585 2673 645 2732 quod
655 2677 804 2734 exponetur
813 2685 861 2733 per
873 2673 881 2702 ‘
892 2668 969 2734 qula!
986 2670 1096 2719 Codices
1113 2677 1199 2718 tamen
1212 2671 1335 2722 Vaticani

230 2734 381 2796 habentque
391 2749 400 2791 ‚·
419 2735 577 2798 quodetiam
589 2735 730 2798 Livineius,
742 2735 854 2798 Lipsius,
865 2741 894 2783 et
905 2734 960 2793 atii,
971 2732 1119 2796 prodidere.
1154 2735 1232 2783 Lilrer
1246 2737 1335 2784 Vossi-

231 2812 294 2847 anus
306 2811 320 2844 a
333 2799 416 2858 prima
426 2811 503 2846 mauu
514 2798 607 2847 habuit
615 2801 677 2862 quod
684 2815 695 2858 ,·
712 2800 757 2848 sed
769 2801 817 2847 lroc
827 2798 983 2860 deinceps-in
992 2812 1036 2863 quo
1047 2804 1173 2846 mutatum
1186 2805 1225 2847 est
1238 2813 1246 2858 ;
1264 2797 1332 2848 houd

231 2861 315 2910 secius
326 2861 429 2922 Gryph.
448 2865 596 2922 15s1.quo,·
614 2863 715 2924 Grypo.
734 2867 806 2912 toln.
822 2864 883 2924 quod
900 2860 991 2910 edidit.
1026 2861 1100 2917 Cum,
1115 2862 1140 2908 in
1158 2863 1263 2911 notead
1283 2865 1333 2914 troc

231 2930 321 2985 caput,
341 2922 475 2985 referrem,
494 2925 519 2971 in
537 2924 627 2973 codice
650 2926 761 2987 Guelph.
779 2926 830 2986 tegi
847 2925 896 2987 qui,
921 2925 1065 2985 suspicetur
1082 2939 1147 2983 sum,
1169 2927 1219 2988 legi
1236 2926 1333 2977 debere

231 2988 287 3043 cui,·
304 2988 329 3034 in
342 3000 415 3050 quatu
428 2987 604 3050 conjecturam
614 3002 682 3037 nunc
693 3003 794 3100 qussfflre
805 2989 896 3037 incidit
907 2986 1069 3038 Aruteenius.
1104 2987 1193 3052 Atque
1205 2992 1259 3039 lraec
1270 3004 1331 3040 eon·

232 3051 350 3099 firmatur
360 3051 516 3100 auctoritate
528 3051 626 3101 codicis
637 3053 720 3102 Setisb
753 3052 850 3115 densis,
862 3051 889 3100 in
901 3065 952 3114 quo
963 3051 1062 3101 diserte
1074 3061 1207 3102 exaratum
1220 3060 1277 3104 est:
1293 3055 1333 3105 etri

231 3130 263 3164 ec
272 3115 380 3164 utilitate
387 3115 481 3178 pullus
489 3116 588 3179 pluerit.
605 3117 669 3168 Qus
680 3117 761 3166 lectio
770 3117 831 3166 milri
842 3117 931 3179 placet
939 3129 995 3179 prae
1012 3131 1056 3180 que
1067 3121 1095 3165 et
1105 3117 1183 3178 quod.'
1204 3119 1333 3168 Schuetz.

231 3180 307 3240 Max,
319 3193 366 3244 pro
377 3181 476 3244 putuit,
490 3181 512 3230 N
517 3181 550 3232 ie.
562 3180 686 3232 Heinsius
698 3183 725 3232 in
737 3195 784 3232 ora
792 3180 833 3230 rui
850 3180 947 3231 codicis
961 3183 1034 3249 conj.
1052 3181 1149 3244 statuit,
1167 3185 1208 3231 rel
1224 3184 1333 3233 ruod.-

728 3337 842 3412 uorn¹

229 3458 287 3528 jani
300 3479 387 3516 ornnes
398 3476 542 3520 enumerat.
803 3478 872 3533 eninr
883 3485 945 3530 suat
963 3495 994 3530 es
1014 3495 1070 3546 quer
1090 3479 1226 3546 repentino
1247 3483 1334 3547 utque

264 3542 442 3604 ”Exprotrun'
461 3545 518 3607 siti]
536 3543 573 3594 Ut
592 3544 652 3594 mali
669 3543 763 3608 priuci-
803 3560 874 3602 motu
885 3555 1016 3619 ecciduut,
1037 3570 1113 3620 quam
1129 3570 1161 3607 ee
1178 3571 1235 3620 ane
1252 3557 1333 3606 medi·

232 3629 279 3680 pes
292 3617 344 3680 qui,
355 3617 415 3666 duur
426 3617 574 3681 laudentur,
585 3635 630 3669 rua
641 3621 691 3669 sibi
700 3622 765 3670 ritis
800 3635 859 3679 rat.
870 3637 897 3679 et
908 3640 1055 3695 preparata
1066 3631 1229 3683 inferuntur:
1254 3633 1333 3682 Ouid.

235 3695 314 3744 tacite
326 3695 489 3760 exprobrari,
501 3711 531 3747 ec
547 3712 593 3746 sun
613 3699 704 3748 ulcere
718 3700 762 3748 illo
803 3704 990 3756 Met.1x.105.
1005 3706 1113 3766 ‘Verba
1127 3707 1254 3757 meditata
1265 3721 1335 3759 come

234 3772 288 3819 sale
311 3769 443 3827 defricati,
460 3781 504 3821 aut
521 3775 697 3838 suspicentur,
718 3781 763 3826 eut
803 3761 921 3844 nouere)
1160 3811 1164 3821 ·
1328 3825 1332 3833 ,

232 3847 355 3906 suspicari
367 3845 474 3895 debent.
648 3896 651 3903 .
836 3856 1085 3924 rtiertutrrrrouuutto]
1102 3850 1335 3910 Quandonsmfec·

266 3929 278 3963 t
297 3921 558 3987 Medituturucurmeu]
576 3925 763 3984 netmradssu·
804 3935 858 3980 tum
875 3931 919 3987 sit,
936 3923 1034 3992 nullibi,
1049 3933 1117 3995 quod
1137 3936 1228 4004 sciam,
1247 3932 1334 3996 prodi·

234 3994 372 4050 oritanus
396 3999 423 4052 in
448 4000 554 4050 Terent.
582 4001 764 4056 Phormione}
805 4010 920 4056 tumest.
954 4007 1077 4056 Fortasse
1087 4007 1135 4056 sub
1151 4007 1278 4074 Augusto,
1288 4007 1333 4074 qui

235 4069 386 4120 ‘Meditata
406 4073 474 4146 mitri¹
488 4080 547 4124 sunt
564 4077 650 4126 omnia
668 4078 765 4128 iucom-
805 4083 887 4134 multe
898 4097 966 4134 nora
977 4083 1004 4133 in
1016 4096 1097 4148 renrp.
1109 4084 1220 4142 induxit·

235 4143 331 4197 inodo!
363 4147 462 4205 turtius
481 4145 539 4206 Off:
549 4170 569 4210 1·
587 4147 613 4208 d.
639 4141 766 4214 ‘tenure
