3050 4842
454 381 506 432 nn
529 349 812 429 rsuuonmcnu
837 377 974 428 norun.
1195 362 1260 436 887

162 525 229 578 illud
247 530 314 575 main
332 531 385 574 tem
404 522 559 588 simpliciter
570 521 604 572 sit
616 522 741 586 positum,
757 535 815 571 eum
835 533 886 572 ror
903 522 951 572 iter
964 522 1039 573 nimis
1053 524 1128 588 l'cnge
1147 527 1264 584 esteces-

162 607 239 658 serit·
268 605 297 658 J·
313 606 344 655 lt.
359 605 509 656 Gronovius
520 604 670 668 auspicatus
681 608 723 652 est
742 603 882 667 legendum
899 617 967 666 esse,
985 607 1071 668 cunuti
1085 612 1153 656 trium
1168 607 1267 658 emrtet.

163 686 272 738 Plenior
288 687 379 749 utique
394 685 527 736 sententia
542 684 711 740 credonensi
726 684 924 750 rescriberetur,
938 685 1027 734 Futrrt
1037 687 1167 750 principer,
1183 689 1266 746 uelint,

163 768 251 833 nolint,
260 770 346 824 cunr,
355 767 439 830 quenti
450 771 526 822 mens,
536 767 619 830 qncsti
630 765 794 832 oitnimiter,
803 770 904 816 constet.
937 765 1033 828 Immo,
1043 768 1064 816 si
1074 774 1147 832 tante
1159 768 1267 820 daretur

163 849 272 916 picentia
283 847 440 898 emendandi
451 854 554 896 veteres
567 855 697 902 suctores,
714 859 784 896 uunc
801 847 889 895 malim
906 845 1063 909 chirurgicus
1079 839 1202 899 odlr'ibere
1213 865 1267 900 ms·

165 945 225 992 nur,
236 935 263 978 st
274 942 393 978 resecare
404 941 455 976 oon
467 926 541 990 nihil,
551 926 626 990 quod,
634 927 727 992 partim
740 941 772 976 ex
785 927 932 990 ignorantie
942 927 1114 990 librariorum,
1126 931 1222 992 partlm
1234 945 1268 980 ex

163 1012 331 1076 glossemate,
346 1007 414 1073 quod
433 1006 538 1071 nitidam
555 1007 778 1070 superrcripserat
796 1007 874 1057 serbo
893 1007 980 1069 rcinnt,
997 1008 1052 1056 scil.
1068 1010 1151 1070 quemi
1168 1017 1268 1066 constet,

165 1105 284 1141 vermem
300 1091 383 1138 instar
398 1088 523 1151 deinceps
538 1088 655 1138 recrevit
667 1087 775 1150 pulchro
791 1087 893 1151 corpori
905 1089 1030 1138 orationis
1040 1089 1180 1140 Plinlsnm.
1213 1092 1269 1141 Ne

164 1171 220 1220 scio
231 1171 308 1227 euim,
319 1168 381 1234 quid
393 1167 556 1218 difficultatis
573 1166 793 1230 obscuritatisque
810 1167 922 1216 orationi
941 1169 1107 1232 panegyrice
1121 1167 1213 1220 efferet
1225 1171 1269 1220 illa

165 1251 275 1314 duplex,
288 1249 458 1314 proximeque
471 1248 614 1312 conjuncta
621 1245 766 1311 rcpimecrr,
773 1247 858 1310 uelint,
869 1247 955 1305 nolint,
966 1255 993 1298 et
1004 1252 1068 1300 tosti
1077 1249 1188 1300 ornat!
1218 1252 1269 1301 Pc'·

167 1332 218 1382 tius
228 1331 346 1394 suspicor
357 1329 421 1380 illud
433 1335 526 1380 tontum
536 1334 639 1386 constet,
658 1329 698 1378 rel
709 1329 774 1377 tenti
784 1333 964 1386 intermenstrui,
978 1327 1055 1393 plene
1067 1331 1173 1382 sliunde
1185 1345 1270 1382 seces·

167 1405 242 1469 ,isse,
250 1412 279 1455 et
290 1406 350 1456 clim
362 1405 466 1470 quidem
478 1405 607 1468 scripturn
618 1405 706 1471 subse,
722 1407 800 1456 ruunt
811 1395 854 1470 tur,
873 1406 892 1456 l.
902 1422 925 1458 c.
937 1407 1015 1456 trium
1025 1412 1114 1465 tomen,
1135 1407 1217 1473 (quod
1227 1409 1273 1458 ed·

166 1487 218 1538 buc
230 1486 324 1550 legitur
333 1486 359 1535 in
371 1485 463 1537 codice
476 1483 629 1549 Petusium)
638 1487 818 1552 proponunto,
829 1491 871 1552 ξε.
883 1487 992 1538 inscitos
1007 1503 1071 1538 vero
1080 1487 1198 1540 librerios
1209 1489 1272 1539 illud

167 1566 305 1630 scripture
317 1565 499 1630 compendium
510 1567 538 1615 in
549 1571 651 1628 torrium,
662 1567 725 1616 alios
736 1568 763 1617 in
774 1573 842 1620 tuan
851 1571 1023 1633 convertisse,
1036 1575 1064 1619 et
1072 1568 1180 1620 tondem
1192 1569 1273 1619 verbo

167 1653 271 1710 ermini,
287 1663 322 1696 ex
338 1648 425 1712 glossis
439 1648 531 1708 ascito,
548 1648 624 1698 istem
643 1649 777 1712 vulgarem
792 1649 1094 1713 effinxisselectionem3
1112 1663 1160 1715 pro
1171 1665 1221 1716 qua
1233 1663 1273 1700 rc·

168 1728 286 1779 scribere
301 1729 422 1792 gestiens,
434 1729 560 1778 Pretereo
566 1729 652 1789 sutori
666 1732 796 1794 principes,
806 1733 893 1794 velint,
903 1734 988 1796 nolint,
999 1733 1078 1782 minut
1090 1737 1179 1792 tomen,
1187 1745 1274 1796 propo·-

166 1808 365 1873 sitisprrednobus
382 1809 497 1871 exemplis
511 1809 670 1874 meminerint,
682 1811 792 1874 perinde,
808 1815 848 1876 ipo.
882 1812 916 1862 Iu
929 1814 978 1874 bis,
992 1813 1096 1877 opinor,
1113 1813 1199 1862 verbis
1210 1813 1274 1862 niun

167 1889 246 1950 ieret,
257 1890 283 1938 io
295 1903 346 1954 quo
356 1889 490 1940 haesitaret
502 1890 609 1939 lectoris
619 1891 729 1943 enimus.
760 1893 870 1954 Verum,
878 1907 937 1943 cnm
947 1893 1007 1943 milri
1016 1892 1195 1958 proposuerim
1204 1905 1275 1942 nune

167 1969 350 2022 moderatioris
359 1970 463 2020 critices
475 1972 608 2034 specimen
620 1972 684 2022 dare
688 1972 825 2035 juventuti
836 1974 971 2036 studiosre,
982 1973 1052 2022 nolui
1064 1973 1139 2024 nimis
1152 1972 1275 2022 recedere

167 2065 185 2099 a
195 2051 294 2114 vulgari
306 2051 438 2114 lectione;
448 2050 503 2106 sed,
515 2050 585 2114 quod
596 2052 743 2102 excusatior
752 2050 872 2102 fecturus
888 2051 1007 2110 uidebor,
1019 2053 1113 2102 omisso
1125 2052 1207 2101 unico
1216 2065 1276 2116 pro·

168 2132 272 2181 nombre
282 2136 359 2193 turon,
369 2131 438 2196 quod
451 2146 500 2181 nec
512 2131 624 2196 alioquin
635 2133 662 2181 iu
675 2133 794 2182 omuibus
806 2133 879 2184 libris
886 2140 970 2196 estat,
979 2133 1084 2182 interim
1095 2131 1276 2181 excudendum

169 2214 268 2274 curavi,
279 2212 370 2262 Futsri
377 2211 506 2275 principer,
517 2213 601 2269 uelim,
609 2213 697 2276 solim,
706 2213 795 2276 edent,
806 2211 884 2278 (torti
899 2217 991 2264 comtos
1000 2210 1024 2277 Ι)
1032 2211 1210 2277 propositisque
1219 2213 1277 2262 dac·

171 2293 214 2342 tae
224 2293 338 2356 exemplis
355 2293 514 2352 meminerint,
531 2293 639 2356 perinde,
653 2295 694 2356 tpc.
730 2295 809 2358 AEgre
820 2292 886 2353 iero,
898 2293 1136 2358 interpunctionem
1148 2293 1215 2342 lresc
1227 2305 1278 2344 nou

172 2387 252 2437 suprs
262 2373 289 2422 in
304 2377 431 2423 contento
447 2373 511 2423 satis
527 2381 618 2423 curate
636 2389 695 2424 esre
712 2388 873 2439 expressam.
905 2373 949 2425 Sic
965 2380 1051 2423 sutem
1070 2373 1278 2438 stremonium,

172 2465 248 2518 eque
259 2467 317 2502 ece
333 2452 584 2514 remuneraturum,
595 2454 749 2517 dependent
763 2454 899 2519 sequeutie
914 2454 1002 2512 rerba,
1016 2455 1122 2504 tornines
1136 2456 1166 2503 dc
1176 2454 1280 2503 nuribru

170 2534 276 2598 iprorum
284 2533 418 2598 principum
427 2535 640 2596 perindesoeturor
649 2549 697 2585 esse
705 2535 873 2596 coniecturum,
882 2541 952 2598 prout
964 2537 1001 2584 cei
1010 2535 1054 2584 boc
1064 2535 1213 2598 exemplum
1224 2545 1277 2582 nro·

172 2613 315 2663 durationis
325 2613 441 2678 Trojani,
449 2616 487 2663 cel
495 2615 556 2664 iilud
566 2614 758 2678 prodigalitatis
767 2614 910 2665 erserirlet
919 2613 1070 2676 Domitiani,
1078 2614 1201 2676 elegerint,
1210 2613 1278 2677 quod

172 2699 316 2743 sectentur.
350 2693 471 2742 Formule
483 2694 547 2742 ronti
557 2693 671 2745 constat!
682 2700 766 2749 notet,
778 2696 829 2743 iter
846 2694 949 2742 illudet
965 2693 1109 2742 Domitiani
1127 2699 1155 2742 et
1169 2691 1279 2754 'l'rsJ'sni

173 2775 239 2824 tenti
250 2780 380 2830 constare,
391 2781 421 2822 ut
432 2773 494 2823 iude
505 2773 589 2824 futuri
601 2775 832 2838 principamini,
842 2773 868 2821 lr.
880 2787 904 2822 e.
915 2771 1019 2822 diseunt
1030 2771 1280 2836 atqus'intelligsnt,

174 2859 199 2903 et
208 2853 374 2911 meminerint,
384 2855 436 2904 tale
447 2853 480 2902 de
493 2868 521 2903 se
529 2854 658 2918 judicium
669 2855 759 2919 populi
770 2854 835 2910 iore,
846 2854 937 2918 quales
948 2851 997 2917 ipsi
1009 2851 1164 2915 fuerint,rel
1174 2851 1281 2914 'l'rsjsul

174 2935 305 3007 exemplo,
316 2934 446 2984 moderati
457 2941 485 2985 et
497 2934 615 2998 providi3
627 2937 669 2984 rel
681 2935 823 2986 Domitiani
836 2935 966 2997 exemplo,
977 2932 1079 2996 prodigi
1090 2945 1121 2982 oc
1132 2933 1205 2984 seni.
1222 2932 1282 2982 Hoc

174 3013 295 3076 formula,
305 3014 369 3064 tanti
380 3019 482 3073 constet,
494 3015 597 3063 Plinius
613 3029 674 3064 usus
685 3021 725 3064 est
737 3015 824 3078 Epist.
838 3027 870 3063 u.
885 3017 926 3063 lt.
944 3015 952 3043 ‘
965 3012 1032 3062 Heri
1043 3012 1095 3064 duo
1106 3014 1282 3062 nomenclato-

176 3107 219 3144 res
231 3095 282 3143 mei
293 3129 301 3144 .
312 3128 334 3145 ..
346 3095 430 3144 ternis
446 3093 560 3144 denariis
573 3094 605 3144 ad
622 3095 781 3145 laudandum
799 3093 981 3154 trahebantur,
997 3093 1063 3141 tenti
1081 3091 1280 3152 constructus

176 3173 379 3224 disertissimus!
411 3175 469 3224 an.
485 3175 560 3226 Mer.
572 3189 612 3224 rv.
623 3179 648 3226 t.
665 3189 707 3226 err.
720 3180 747 3229 c.
757 3181 764 3205 ⁸
774 3174 853 3227 'l'cnti
869 3174 961 3224 rererio
972 3177 1060 3222 noetro
1073 3172 1176 3222 virtutis
1189 3170 1282 3222 Atilia·

176 3269 217 3303 um
229 3255 385 3318 exemplum,
397 3269 448 3318 quo
463 3255 545 3303 omnis
558 3263 621 3305 aeter
633 3256 750 3306 Romane
761 3255 923 3319 gloriabitur,
934 3251 1028 3302 stetit.'
1061 3253 1143 3302 Forte
1155 3265 1216 3300 rero
1228 3250 1282 3300 ior·

177 3335 257 3397 muln,
273 3334 337 3384 ionii
351 3340 451 3396 conetot,
463 3334 531 3384 idem
548 3336 636 3385 velere
648 3342 737 3399 potest
749 3351 780 3386 sc
790 3334 855 3384 torti
865 3339 911 3398 eet,
923 3334 939 3383 i.
950 3347 974 3382 e.
987 3331 1106 3395 expedit,
1123 3343 1210 3393 operes
1223 3343 1282 3394 pre·

178 3413 242 3464 tium
254 3423 305 3476 est,
317 3422 416 3464 tuntum
428 3414 556 3465 commodi
568 3416 593 3464 in
605 3430 637 3466 ec
650 3417 762 3480 positum
774 3423 823 3466 est.
855 3415 900 3466 Sic
919 3414 977 3464 Cic.
992 3413 1070 3463 verr.
1082 3425 1124 3461 ιν.
1135 3413 1176 3462 no.
1188 3410 1196 3440 ‘
1206 3410 1278 3471 Ensi3

177 3495 316 3558 pecuniam
335 3495 410 3544 rolri.
443 3494 540 3551 Credo,
560 3495 637 3546 etiem
662 3496 759 3547 tabule
782 3493 959 3560 proferentur.
998 3492 1076 3546 'lenti
1098 3491 1169 3543 esti'
1205 3490 1282 3540 Idem

180 3572 263 3623 Attio.
276 3589 303 3624 v.
316 3578 356 3625 20.
376 3575 451 3624 ‘Nec
462 3590 503 3624 me
516 3583 568 3626 tom
580 3576 659 3642 tuma,
675 3593 734 3643 qum
752 3591 852 3628 summe
868 3583 917 3634 est,
932 3590 1010 3642 quem
1027 3589 1068 3624 res
1080 3573 1138 3638 ipso
1154 3571 1281 3622 delectet.

179 3654 249 3706 Quid
262 3655 376 3720 quoeris?
409 3655 470 3705 Fuit
483 3657 566 3706 tsutil
579 3671 620 3706 me
632 3657 689 3722 ipse
700 3672 752 3708 uon
761 3657 869 3709 nomm?

570 3915 760 3968 EXCURSUS
779 3916 884 3967 xxvi.

216 4079 284 4128 Cre.
295 4091 358 4128 ιιι.
374 4083 401 4130 t.
421 4081 455 4130 Ut
466 4095 574 4132 recensus
586 4083 729 4146 inperator,
740 4079 781 4145 cui
796 4081 907 4144 privetur
917 4078 1020 4139 exieras,
1038 4075 1156 4139 cgnmcir.
1174 4087 1285 4136 mosca-

181 4157 237 4208 rirl
271 4160 375 4210 Eosdem
383 4176 436 4218 noe.
448 4163 547 4212 eandm
557 4167 581 4212 te
590 4167 669 4226 putos-
692 4160 770 4212 Alter
789 4161 857 4213 liber
874 4160 955 4212 Gudii
974 4159 1052 4223 plene
1072 4157 1159 4207 omisit
1176 4155 1283 4206 verbnm

183 4239 302 4300 mosen.
337 4240 436 4292 Omirit
453 4251 482 4294 st
492 4244 669 4294 ersusousin
681 4243 798 4294 editione
810 4247 969 4306 aruncum
979 4241 1007 4290 iu
1021 4238 1138 4304 margine
1149 4237 1212 4288 ulier
1222 4236 1285 4301 legi,
