3100 4854
262 345 308 412 92
535 363 567 410 c.
592 362 713 410 rururr
739 361 887 412 cncrnn
912 365 1075 414 snonnur

264 498 448 564 advocatos
464 518 486 564 a
501 499 650 582 Vareno,
671 507 772 587 atque
794 523 815 569 a
835 505 990 589 Bithynis
1009 508 1144 590 legatos
1161 509 1261 574 modo
1276 528 1357 575 oon·

264 606 315 664 tra
337 599 492 677 eundem,
517 603 620 668 modo
640 608 767 668 mutata
792 607 959 669 sententia
980 625 1043 688 pro
1066 609 1183 674 eodem
1206 609 1251 674 ad
1274 611 1359 675 Tra·

260 701 390 784 janum,
405 707 475 764 tum
498 702 531 765 in
547 703 703 781 Daciam,
717 707 785 767 tum
801 704 944 769 Romam
959 705 1170 775 deauratos:
1213 709 1280 776 Per
1295 725 1358 776 nos

264 809 375 866 nmen
397 802 522 879 licebit,
537 802 684 867 Caesaris
705 805 752 868 rei
773 806 999 887 cognitionem
1023 807 1066 873 ad
1086 816 1237 876 aestatem
1253 831 1359 895 usqne

266 919 318 966 an.
335 900 415 966 Chr.
430 918 511 964 crrr.
526 903 726 984 protrahere.

309 999 399 1078 Quis
413 1019 492 1068 vero
516 1002 708 1087 Bithyniam
729 1012 809 1087 post
829 1005 1001 1073 Varenum
1016 1011 1147 1086 rexerit,
1163 1010 1250 1075 band
1266 1017 1359 1075 certo

266 1103 432 1170 novimus.
477 1102 608 1168 Plinius
634 1111 723 1169 certe
746 1106 868 1170 ibidem
894 1113 974 1173 tunc
1003 1128 1068 1173 non
1096 1110 1207 1187 fuerit,
1237 1115 1273 1175 ut
1302 1112 1360 1194 qui

267 1205 389 1269 Romae
416 1203 551 1284 degerit,
578 1207 739 1287 quamdiu
765 1207 858 1272 illius
883 1228 988 1274 causa
1014 1209 1079 1274 suit
1102 1213 1242 1293 agitata.
1293 1212 1361 1276 Sed

198 1339 199 1346 .
266 1305 351 1369 nihil
373 1303 525 1388 impedit,
543 1326 610 1390 qno
634 1309 743 1372 miuus
768 1307 929 1387 dicamus,
952 1330 995 1373 ex
1018 1309 1083 1392 Ep.
1108 1328 1147 1374 x.
1172 1311 1248 1374 113.
1281 1311 1361 1374 Ani-

266 1405 356 1470 cium
386 1401 574 1470 Maximum
600 1407 709 1472 fuisse
736 1407 862 1472 Vareni
888 1429 1130 1488 successorem,
1153 1411 1257 1477 Plinii
1285 1430 1362 1476 vero

253 1506 494 1570 decessorem.

511 1761 515 1768 .
555 1667 621 1733 An.
636 1668 712 1733 Chr.
727 1686 808 1733 0111.
852 1668 919 1734 An.
936 1664 1076 1755 AEt.{·}.

314 1815 465 1904 Hocan.
476 1841 543 1906 qno
555 1819 735 1903 Trajannm
752 1818 832 1884 Gos·
846 1836 881 1886 v,
896 1819 999 1884 fuisse
1011 1839 1114 1904 snpra
1128 1821 1285 1898 diximus,
1301 1821 1363 1884 sub

269 1923 423 1984 astatum
439 1922 568 1988 Plinius
579 1921 711 1986 ridetur
724 1927 886 1985 evocatus
900 1921 935 1983 ln
947 1921 1119 1985 consilium
1134 1922 1177 1984 ab
1191 1921 1266 2002 ipso
1281 1921 1362 2002 imp.

269 2018 312 2081 ad
331 2019 472 2087 Centum
495 2022 609 2089 Cellas
626 2022 730 2086 variis
752 2020 977 2106 pertriduum
1000 2022 1243 2102 cognitionibus
1265 2022 1363 2084 luter-

269 2115 384 2198 fuisse,
402 2123 466 2206 Ep.
485 2137 534 2187 vl.
549 2123 604 2187 nl.
647 2122 774 2186 Etenim
789 2122 829 2186 de
844 2122 1034 2204 cognitione
1051 2123 1149 2187 tertio
1164 2121 1218 2185 die
1234 2117 1364 2185 indulta

269 2236 425 2285 narrans:
448 2221 660 2301 ‘Haeredes’
682 2223 799 2305 iuquit,
824 2228 924 2287 ‘curn
939 2222 1056 2286 Caesar
1071 2228 1163 2286 essct
1186 2223 1220 2286 in
1242 2221 1364 2297 Dacia,

269 2321 489 2386 communiter
502 2322 649 2404 epistola
665 2322 804 2403 scripta,
821 2323 982 2404 petierant
998 2328 1034 2386 ut
1048 2323 1234 2403 susciperet
1252 2321 1364 2402 cogni-

272 2419 416 2483 tionem:
440 2427 648 2505 susceperat.
693 2419 861 2484 Rcversns
886 2421 971 2486 diem
997 2419 1151 2500 dixerat,’
1172 2421 1235 2484 &a
1277 2419 1364 2484 Rur-

270 2539 351 2585 sus:
375 2521 582 2586 ‘Indulserat
598 2529 706 2585 tamen
726 2522 917 2604 petentibus
932 2522 1145 2602 dilationem3
1168 2521 1268 2605 cujps
1283 2529 1366 2584 tems

230 2686 232 2694 ,
270 2641 351 2703 pore
367 2629 499 2699 exacto,
510 2622 712 2686 consederat
727 2621 924 2700 auditurus,’
935 2627 995 2687 tac.
1021 2622 1173 2687 Tandem
1188 2621 1364 2686 locnmde·

272 2721 434 2800 scribens,
446 2723 546 2787 ‘villa
558 2722 778 2806 pulcherrima
792 2722 936 2802 cingitur
950 2721 1161 2786 viridissimis
1177 2721 1286 2804 egris,’
1295 2725 1356 2785 &c

275 2865 276 2870 .
316 2821 395 2885 Hoc
410 2824 511 2885 etiam
526 2823 657 2886 circiter
674 2829 827 2903 tempore
842 2822 1075 2886 existimamus
1090 2821 1232 2885 Plinium
1249 2837 1269 2884 a
1283 2817 1367 2884 Tra·

241 3001 243 3008 y
269 2921 353 3004 jano
376 2927 568 3001 auguratum
592 2921 740 3001 petiisse,
757 2921 820 3000 Ep.
838 2936 879 2984 x.
893 2920 927 2982 s.
942 2930 975 2984 et
988 2922 1231 3004 impetravisse.
1273 2921 1368 2985 Arri·

272 3039 336 3108 ano
350 3022 448 3098 enim,
463 3021 520 3102 qni
536 3020 720 3100 gratulatus
736 3020 769 3084 ei
788 3019 909 3096 fuerat,
925 3021 1016 3102 qnod
1039 3021 1122 3084 illud
1143 3021 1366 3087 sacerdotium

273 3121 478 3204 accepisset,
488 3121 675 3184 rescribens
690 3119 755 3203 Ep.
773 3135 824 3183 rr.
837 3120 870 3184 8.
886 3126 1039 3198 testatur,
1050 3141 1087 3184 sc
1101 3120 1195 3185 Julio
1211 3121 1367 3186 Frontino

272 3223 492 3298 successisse,
522 3229 555 3284 et
584 3221 718 3304 quidem
738 3226 917 3303 postquam
939 3222 1116 3285 consulatu
1135 3221 1209 3303 jam
1234 3223 1367 3286 functus

273 3323 391 3386 suerat.
435 3321 483 3386 At
497 3339 575 3387 vero
593 3321 770 3385 Frontinus
792 3323 921 3386 Dacico
944 3323 1033 3387 bello
1054 3321 1214 3398 interluit,
1231 3323 1368 3386 librum-

273 3441 339 3506 que
354 3422 396 3486 de
413 3439 564 3502 agrorum
575 3421 745 3505 qualitate,
753 3425 811 3487 &a
828 3422 982 3499 absolvit,
994 3442 1071 3487 curn
1082 3425 1161 3505 imp.
1173 3421 1230 3488 ille
1253 3431 1369 3488 ‘max-

275 3527 363 3590 imus
380 3523 552 3588 victoriam
570 3524 731 3587 Dacicum
755 3523 908 3606 proxime
931 3522 1176 3601 reseravisset,’
1198 3529 1233 3588 ut
1247 3526 1369 3606 ipsein

275 3625 422 3705 Prolcgo
438 3624 618 3705 pmlitetur.

320 3725 527 3792 Confidimus
542 3728 575 3789 et
594 3725 656 3789 boc
680 3743 732 3788 an.
754 3723 884 3790 circiter
903 3724 1015 3794 medio
1039 3726 1183 3791 Plinium
1203 3727 1237 3789 ln
1253 3726 1368 3811 Bithy·

275 3828 366 3893 niam
383 3827 540 3906 missum
562 3827 626 3890 bac
641 3826 674 3890 in
689 3833 784 3910 parte
797 3826 947 3891 lubenter
961 3826 1182 3891 assentientes
1201 3823 1368 3890 illustriss.

276 3944 475 4010 semperque
496 3925 634 3989 colendo
657 3925 703 3990 D.
720 3927 763 3989 l).
788 3924 903 4008 Episc.
924 3924 1133 4007 Vigornionsi
1154 3925 1370 4008 chronologo-

276 4043 349 4092 rum
364 4028 464 4092 facile
478 4026 619 4110 principi
634 4044 643 4105 ;
666 4025 735 4108 qui,
751 4025 781 4089 si
797 4026 891 4090 Deus
909 4028 998 4090 votis
1020 4035 1158 4106 annunt,
1174 4027 1369 4111 propediem

276 4147 373 4195 snam
386 4128 584 4196 sententiam
599 4127 731 4196 inuictis
746 4119 974 4216 propugnabit
989 4131 1198 4213 argumentis.
1236 4128 1368 4198 Interim
