3088 4848
561 357 839 418 renueremus.
883 364 909 412 1.
928 349 985 418 66.
1246 343 1315 417 666

215 513 373 593 flammis,
389 519 428 579 ut
440 531 484 580 ex
499 509 700 580 illojtenore
720 513 755 574 et
777 509 902 576 minis⁴
921 511 957 574 in
975 525 1072 572 nsum
1085 507 1256 576 hominum
1271 513 1313 574 66

214 619 412 702 uoluptates
425 615 559 698 ignibus
572 619 792 678 mutarentur.
833 613 866 676 5.
889 609 999 674 Simili
1013 610 1221 686 reverentia?
1235 611 1313 676 Con·

214 737 284 798 sar,
305 713 373 782 nou
394 717 487 802 apud
501 717 633 800 genium
649 721 744 779 tunm
754 721 769 752 ⁰
790 714 936 778 bonitati
950 718 1018 777 tuae
1034 711 1156 794 gratias
1171 712 1238 793 agi,
1254 713 1315 778 sed

216 820 309 904 apud
322 819 552 884 numenJouis
562 817 691 900 Optimi
707 816 865 894 Maximi,
880 815 1028 898 pateris:
1044 810 1096 877 ilii
1106 813 1230 878 debere
1241 831 1315 896 nos,

212 920 377 1006 quicquid
399 917 459 983 ribi
478 920 680 997 debeamus3
700 919 803 997 illius,
822 917 915 1002 quod
931 917 1017 982 bene
1036 915 1157 994 facias,
1170 917 1315 980 muueris

215 1041 305 1100 esse,
333 1023 393 1106 qui
418 1027 453 1086 te
474 1021 578 1086 dedit.
620 1022 653 1084 6.
677 1019 766 1084 Ante
797 1020 934 1104 quidem
959 1020 1109 1101 ingentes
1131 1016 1314 1082 hostiarum

216 1143 333 1206 greges
344 1143 401 1206 per
415 1122 644 1206 Capitolinum
658 1123 719 1186 iter
733 1142 856 1204 magna
867 1123 919 1186 sui
930 1128 1030 1212 parte
1041 1120 1133 1186 adut
1143 1119 1316 1202 intercepti

217 1223 404 1299 diverterep
427 1226 483 1289 via
497 1225 712 1306 cogebantur,
727 1243 804 1288 cum
825 1221 1007 1289 saevissimi
1029 1220 1156 1286 domini
1173 1221 1315 1284 atrocis·

151 1369 159 1376 .
215 1325 305 1390 sima
328 1324 455 1407 effigies
476 1331 568 1390 tanto
593 1324 800 1391 victimarum
822 1343 939 1388 umore
961 1323 1135 1399 coleretur,
1154 1329 1314 1406 quantum

216 1423 292 1509 ipse
307 1425 442 1490 humani
457 1427 629 1509 sauguinis
642 1427 874 1510 profundebat.
1199 1465 1202 1472 ·

253 1527 344 1594 Gne.
358 1543 439 1601 nur.
458 1531 488 1594 l.
505 1529 639 1607 Omnia,
651 1529 771 1594 Patres
781 1527 986 1613 conscripti,
998 1547 1076 1612 quae
1088 1528 1130 1592 de
1139 1529 1214 1594 aliis
1226 1529 1315 1614 priua
1344 1515 1347 1524 ’

215 1629 352 1713 cipibus
365 1650 385 1693 a
396 1650 451 1694 me
464 1637 526 1696 aut
536 1631 688 1696 dicuntur
698 1637 758 1696 aut
768 1631 860 1698 dicta
871 1636 961 1710 sunt,
969 1649 1010 1696 eo
1021 1631 1201 1715 pertinent,
1209 1637 1247 1696 ut
1258 1645 1315 1696 os·

249 1808 264 1844 ¹
283 1813 318 1862 Ut
328 1783 414 1863 cintus
425 1797 477 1878 quc
487 1820 558 1868 66666
569 1815 689 1866 terrebunt
699 1822 724 1868 et
732 1794 889 1866 minabuntur.

675 1959 859 1987 (ΜΙΜΜ

236 2071 265 2106 ro
277 2055 455 2117 rocenbjectos
466 2056 544 2105 etiarn
555 2057 607 2120 legi
625 2071 700 2120 posse
719 2055 829 2117 objector·
861 2056 950 2120 Atque
961 2056 1085 2108 sicanus
1100 2055 1209 2119 tegimus
1230 2056 1255 2104 iu
1273 2069 1315 2106 co-

213 2070 317 2198 dicibus
329 2123 393 2198 bias.
410 2122 561 2197 Parisiensi,
576 2121 818 2198 Gnetpberbytano,
829 2120 965 2200 Vossiauo,
977 2127 1004 2199 et
1015 2130 1112 2171 nostro.
1145 2120 1242 2170 Omnes
1254 2135 1315 2196 reru

214 2199 337 2298 ’6663ἕῖ
367 2185 1316 2314 biit..2t.⁶.‘3'.’..t..¹zt.·.⁰'u..ti.tittiu‘tuui‘t..itti

214 2327 248 2362 ea
268 2327 300 2362 ne
312 2315 410 2376 piaeuit
422 2315 479 2362 nob.
494 2314 608 2370 Heinsio,
621 2327 679 2364 eum
700 2327 747 2364 suo
765 2316 909 2378 exemplari
925 2315 1087 2378 apposuerit.
1120 2315 1213 2379 Neque
1235 2316 1316 2378 ‘abji-

213 2379 258 2427 eie
277 2379 367 2428 autrrr’
377 2379 537 2441 simpliciter,
549 2393 639 2429 rerum
651 2379 730 2429 etiam
747 2385 847 2429 statuta
859 2379 885 2428 in
899 2383 991 2428 noxios
1003 2395 1078 2440 poenn
1089 2378 1197 2428 flammis
1209 2385 1237 2428 et
1250 2379 1315 2442 igni·

212 2441 264 2492 bne
275 2442 494 2505 ‘objiciebantur.'
527 2444 585 2492 Vsi.
598 2445 671 2493 Max.
688 2455 733 2491 ιιι.
750 2445 775 2491 6.
791 2447 816 2491 6.
832 2443 932 2494 ‘Modo
949 2441 1058 2491 dammis
1075 2444 1130 2490 sine
1148 2444 1201 2493 uilo
1217 2447 1315 2506 gemitu

215 2506 388 2568 objicientes!
419 2507 512 2568 Neque
529 2509 617 2555 srntinr
637 2507 845 2569 improbandum,
857 2509 925 2570 quod
941 2507 1042 2568 profert
1059 2507 1135 2554 Voss.
1146 2509 1315 2570 uoluptatibus,

211 2573 299 2620 soient
310 2572 377 2619 eninr
389 2571 427 2619 aie
438 2571 612 2632 conjunctivae
625 2572 760 2631 partientes
769 2570 885 2618 diversor
895 2583 971 2618 casua
982 2578 1148 2626 connectere,
1158 2572 1195 2618 uti
1206 2571 1315 2620 vidimus

214 2637 248 2684 ad
262 2634 392 2683 Auretiunr
404 2635 477 2696 Epir.
491 2645 519 2682 x.
528 2635 562 2683 43
580 2637 667 2684 Arata.
701 2633 791 2682 Codex
803 2633 977 2683 Schwarzian.
993 2639 1072 2682 66666
1085 2633 1261 2695 turriumque,
1275 2637 1333 2695 66-

214 2699 282 2750 666.
301 2699 398 2746 Pater.
417 2699 444 2746 in
459 2711 528 2746 uram
546 2698 570 2746 6.
588 2713 603 2744 n
622 2696 835 2760 coronarium-o
854 2698 951 2746 Fateris
967 2698 1030 2745 enim
1047 2697 1084 2745 ilii
1099 2697 1181 2746 debere
1197 2711 1238 2745 nos
1249 2701 1315 2761 conj.

216 2763 345 2822 Bebrius;
370 2760 413 2809 lut
428 2761 511 2810 debere
526 2777 568 2810 nos
584 2761 622 2809 ris
639 2763 768 2810 Heuman.
800 2761 875 2824 Mox,
887 2761 931 2811 tibi
942 2760 1017 2812 deest
1035 2762 1060 2810 in
1073 2761 1131 2810 cod.
1144 2761 1238 2809 Pater.
1256 2764 1315 2812 edd.

214 2825 318 2891 Gryph.
335 2825 404 2874 Sieb.
421 2831 449 2874 et
467 2827 530 2874 Cer.
553 2825 620 2874 Vide
641 2825 716 2874 Nou.
735 2825 862 2875 Vara-6
880 2825 1025 2890 Capitolium
1040 2828 1200 2888 intermngau
1216 2825 1262 2890 sui,
1274 2830 1316 2889 tre.

214 2893 333 2940 Rbennu.
368 2891 513 2953 anitoir'unr
528 2890 576 2939 iter
586 2889 662 2938 codd.
674 2891 747 2938 Vatt.
758 2897 781 2939 l.
792 2895 817 2941 2.
828 2895 852 2939 s.
863 2894 888 2942 t.
901 2888 1007 2940 Venett.
1020 2895 1043 2944 l.
1054 2895 1078 2938 2.
1096 2891 1189 2940 Satisb·
1200 2891 1314 2955 Guetpir.

217 2955 389 3005 Schwarziau.
409 2955 469 3002 edd.
486 2956 590 3003 Puteot.
604 2957 676 3004 14⁷6.
693 2955 874 3004 6666661489.
892 2955 1315 3020 6666666666.6166616.

153 3044 160 3052 ’
215 3020 373 3080 Cratander,
389 3018 506 3069 Stenard.
525 3019 595 3068 Nar.
611 3027 640 3066 et
658 3019 742 3069 Lirin.
771 3019 934 3081 Capitolinum
950 3019 1007 3070 eod.
1033 3021 1116 3070 Paris.
1135 3020 1196 3070 edd.
1220 3022 1314 3070 Catan.

219 3085 486 3147 Cusptn.etreeentt.
513 3084 658 3144 uergentes
676 3083 921 3144 augustinumin.
952 3083 1001 3133 iter
1019 3092 1118 3144 ugentes
1136 3097 1224 3144 mogun
1239 3085 1315 3134 codd.

217 3149 294 3198 Vati.
311 3147 425 3212 Gueipb.
445 3149 510 3196 Eae.
529 3146 605 3194 Voss.
624 3155 652 3195 et
669 3161 715 3208 pro
735 3161 759 3194 r.
777 3147 795 3194 Ι.
807 3147 873 3196 Exc.
885 3146 956 3195 Gud.
967 3161 1054 3207 magno
1065 3148 1103 3196 sui
1111 3152 1180 3208 purte
1190 3148 1315 3212 intercepti

215 3212 277 3262 666.
288 3213 382 3261 Pater.
415 3211 511 3260 ‘Forte
522 3211 668 3272 legendnm,
678 3212 744 3259 inter
753 3210 914 3272 Capitolinum
924 3213 980 3271 iter,
991 3213 1031 3270 66.
1058 3209 1118 3260 Huc
1129 3211 1227 3261 dictum
1239 3210 1316 3276 soret,

218 3285 250 3326 ut
259 3279 267 3306 ‘
275 3278 344 3325 iuter
352 3275 471 3337 coennm,'
482 3275 568 3322 ‘inter
576 3274 662 3335 diem,'
676 3276 762 3322 ‘inter
774 3273 848 3334 riss‚'
858 3273 917 3324 &e’
934 3274 1030 3336 Gierig.

250 3340 319 3390 cae.
340 3353 401 3392 narr.
435 3343 450 3388 1
477 3339 542 3390 666.
564 3339 658 3388 Parae.
680 3350 697 3388 n
716 3353 753 3388 ne
774 3339 893 3388 duratur.
914 3337 989 3404 Mox,
1010 3337 1086 3390 codd.
1107 3337 1181 3392 Vstt.
1197 3338 1315 3406 Gneipb'.

711 3504 821 3556 NOTAE

251 3623 264 3650 ¹¹
281 3615 363 3666 Siniti
382 3615 527 3682 surrentin]
555 3617 613 3668 era
641 3617 745 3668 uoluisti
787 3615 840 3682 pud
858 3633 952 3669 numen
973 3611 1066 3682 Jovis‚‘
1084 3618 1112 3667 id
1127 3625 1177 3676 est,
1192 3613 1219 3670 iu
1237 3620 1313 3683 Capi-

219 3699 331 3744 atatuam
349 3699 418 3743 tuam
433 3693 459 3741 in
471 3693 599 3754 Capitolio
612 3694 744 3744 coiiucari.
787 3695 859 3744 tolio.

250 3776 263 3802 ⁰
277 3765 350 3828 Apud
366 3766 462 3827 geniem
477 3767 555 3830 6666]
581 3766 659 3830 Apud
675 3777 745 3819 rste·
819 3775 832 3809 Ρ
849 3769 988 3832 Disertere]
1007 3767 1157 3818 Hostiarum
1168 3783 1258 3832 greges
1269 3771 1312 3834 qtri

218 3858 262 3893 res
279 3842 341 3890 nihii
359 3840 528 3906 frequentius,
545 3858 620 3907 quam
643 3851 747 3906 statua,
786 3843 813 3893 in
825 3844 980 3908 Capitolium
992 3842 1161 3900 ducebantur,
1172 3843 1314 3894 deflectere

220 3933 284 3981 arra,
300 3925 328 3967 st
347 3918 444 3980 tempta
463 3920 539 3982 genio
555 3919 666 3981 Augusti
686 3933 747 3969 cou-
786 3917 820 3968 de
839 3919 880 3969 via
895 3918 1043 3984 oportebat,
1061 3919 1161 3983 quoties
1179 3920 1211 3970 66
1224 3919 1315 3969 Dumi-

218 4000 330 4044 secretu.
348 3992 447 4043 Extant
458 3993 585 4058 bodieque
596 3994 691 4043 nummi
703 3995 746 4043 be·
787 3993 852 4045 tiaui
871 4002 981 4046 statuam
999 3997 1024 4044 in
1040 3994 1154 4066 equestri
1172 3991 1229 4045 foro
1248 3998 1315 4059 posi·

220 4083 254 4118 ne
265 4067 339 4118 multi
351 4081 410 4116 curu
421 4066 469 4118 hac
482 4069 659 4132 inscriptione.
693 4067 745 4120 Sed
786 4079 841 4122 tam
856 4074 967 4124 victimer
980 4071 1183 4134 immolabantur,
1193 4073 1259 4122 6666
1270 4073 1314 4124 ba·

219 4153 248 4194 et
265 4137 443 4208 juramentum
470 4157 518 4208 per
540 4145 655 4210 Augusti
674 4147 746 4210 geni·
785 4158 842 4198 rum
855 4145 1314 4217 multitudineberrbisiterimpe.

222 4230 334 4274 umerat
349 4221 578 4286 religiosissimum.
609 4221 682 4278 Mor,
700 4222 746 4272 ‘ra-
786 4221 914 4274 diebatnr.
1296 4249 1299 4254 ·
