3112 4852
223 361 301 429 252,
591 368 767 422 o.rurnu
791 372 956 424 snouunr

224 519 320 594 bunt,
333 513 388 579 bic
402 513 566 578 tenendos
581 521 634 579 est
653 513 783 592 modus,
797 520 834 580 ut
848 521 1024 598 appareat,
1039 509 1233 579 renatorem‘³
1249 514 1319 578 dis·

223 617 400 702 plicuisse,
412 633 477 679 non
492 614 628 680 factum.
649 617 681 680 4.
697 615 793 680 Idem
808 635 887 696 ergo
900 615 1047 698 populus
1061 615 1119 679 ille
1134 615 1316 697 aliquando

223 717 346 784 scenici
362 717 593 798 irnperatoris⁹
609 719 777 798 spectator
792 721 825 779 et
840 716 1034 798 applausor,
1050 733 1136 778 nunc
1151 714 1185 776 in
1200 720 1316 796 panto·

222 819 332 884 mimis
347 835 483 901 qnoque
510 824 692 892 aversatur,
713 822 746 881 et
767 816 906 879 damnat
927 814 1150 879 effoeminatos
1172 819 1270 892 artes,
1286 819 1319 878 at

215 919 377 989 indecora
392 917 528 985 ¹saeculo
543 917 664 980 studia.
707 917 739 980 5.
761 915 816 979 Ex
832 936 900 997 quo
919 916 1131 980 manifestum
1147 924 1212 990 est,
1227 916 1318 998 prin-

222 1021 338 1102 cipum
361 1017 572 1100 disciplinam
593 1035 714 1099 capera
735 1017 836 1080 etiam
861 1016 1001 1096 vulgus;
1032 1034 1109 1079 cum
1133 1035 1213 1092 rem,
1227 1016 1256 1078 si
1272 1016 1317 1078 ab

222 1137 289 1186 uno
303 1119 374 1198 liat,
383 1117 630 1184 severissimam
645 1118 779 1182 fecerint
793 1128 935 1180 omnes·
980 1113 1114 1181 Macte‘
1125 1115 1189 1180 bac
1209 1115 1317 1197 graui·

221 1220 304 1285 tatis
320 1218 435 1300 gloria,
458 1217 585 1296 Caesar,
601 1237 669 1301 qua
682 1225 887 1282 consecutus
901 1224 966 1294 es,⁸
980 1223 1028 1294 ut,
1043 1216 1132 1300 quod
1148 1222 1250 1281 antea
1265 1217 1318 1280 vis

223 1325 257 1388 ot
286 1319 471 1402 imperium,
497 1338 584 1383 nnnc
613 1337 722 1384 mores
753 1324 961 1382 vocarentur·
1003 1315 1035 1380 6.
1058 1315 1318 1397 (instigaverunt

220 1419 305 1485 vitia
319 1437 381 1482 sua
402 1419 480 1502 ipsi,
501 1420 559 1503 qui
583 1418 743 1498 castigari
768 1418 1001 1497 merebantnr3
1022 1416 1189 1499 iidemque
1204 1435 1316 1480 emcn-

220 1519 363 1600 datores,
378 1520 436 1602 qni
451 1519 646 1583 emendandi
657 1520 798 1582 fuerunt.
843 1517 962 1600 Itaque
976 1537 1073 1582 neruo
1086 1517 1128 1581 de
1143 1517 1317 1580 severitate

222 1625 282 1682 tua
297 1613 466 1703 queritnr;
487 1623 521 1682 et
541 1619 680 1682 liberum
695 1624 750 1682 est
769 1619 875 1701 queri.
919 1621 953 1681 7.
975 1618 1056 1694 Sed,
1072 1637 1147 1681 cum
1163 1618 1211 1680 ita
1226 1635 1315 1680 com-

220 1725 374 1801 paratum
387 1717 443 1793 sit,
455 1723 490 1782 ut
505 1718 547 1782 de
561 1719 653 1782 nullo
669 1719 777 1782 minus
793 1718 944 1801 principe
956 1723 1135 1803 querantur
1150 1717 1315 1793 hominen,

222 1836 322 1901 quam
345 1818 387 1881 de
401 1837 469 1901 quo
483 1820 631 1885 maxime
654 1819 755 1897 licet3
778 1831 844 1880 tum
866 1815 937 1881 tuoh
963 1821 997 1882 in
1016 1817 1142 1881 saeculo
1157 1815 1236 1880 nihil
1250 1822 1314 1892 est,

251 2021 264 2044 ⁶
277 2013 345 2062 Unde
354 2017 420 2074 putet
430 2012 502 2062 stium
514 2013 604 2076 plebem
608 2012 745 2076 principum
754 2026 829 2062 mores
839 2012 905 2076 sequi
914 2025 992 2076 mssa,
1003 2025 1056 2060 cum
1064 2009 1090 2060 id
1098 2010 1124 2060 in
1135 2007 1313 2071 coenosissimo

220 2089 298 2136 onim
306 2076 475 2138 prostiterint.
535 2105 539 2112 ·

678 2152 859 2184 romonem

220 2247 337 2306 ¹libensn.
347 2247 486 2296 Philamm-
497 2249 586 2297 Plant.
598 2249 712 2311 Berneg.
722 2248 760 2297 its
772 2254 989 2310 transposuerunt
1004 2247 1061 2296 lraec
1072 2246 1165 2296 verbs:
1185 2251 1313 2304 auctusne,

218 2327 266 2360 nos
276 2311 422 2372 displicuisse
427 2310 530 2370 suetum.
554 2313 603 2360 Sed
618 2311 730 2374 praefero
740 2311 866 2374 ordinem,
876 2325 951 2376 qnenr
962 2312 1019 2361 slioe
1031 2311 1091 2359 edd.
1100 2309 1229 2372 referunt,
1238 2325 1315 2374 quiem

219 2383 248 2424 et
259 2373 411 2424 confirmant
422 2374 508 2423 codd'
520 2375 639 2424 Scbwurz.
672 2376 765 2426 Patsv.
776 2382 959 2438 auctoramus
970 2375 1231 2436 displicuissesuctsm
1249 2377 1316 2424 Ere.

220 2439 341 2488 Versat
359 2438 505 2502 displicuisse
522 2454 569 2488 non
580 2439 733 2496 suetum-4
750 2440 882 2499 [demergo
898 2440 996 2502 populus
1007 2439 1132 2502 aliquando
1147 2439 1204 2487 cod.
1221 2439 1315 2488 Pstsv.

218 2507 336 2566 spectator
344 2507 367 2551 et
377 2505 473 2565 plausor
483 2503 558 2551 codd.
568 2504 643 2553 Vstt.
653 2503 745 2552 salisb.
756 2503 867 2565 Goelpb.
879 2511 906 2551 et
918 2504 1013 2552 Vertat.
1021 2506 1045 2554 2.
1069 2503 1142 2561 Mox,
1153 2500 1229 2551 codd.
1238 2503 1315 2551 Vstt.

205 2598 207 2604 ι
219 2568 313 2617 Patav.
323 2565 416 2617 salisb.
428 2568 534 2616 Venett.
544 2572 566 2616 l.
577 2572 602 2616 2.
619 2568 733 2630 Guelplr.
745 2574 772 2616 et
783 2567 953 2616 Scbwsrsian.
962 2566 1024 2616 item
1037 2565 1096 2614 edd.
1107 2557 1210 2614 Puteal.
1220 2566 1314 2614 Carsu.

219 2630 281 2692 Ald.
291 2631 307 2680 J
311 2638 366 2680 ont.
376 2629 518 2679 Philomus.
528 2631 645 2680 llbeuau.
655 2631 688 2682 R.
697 2638 724 2680 et
734 2631 767 2680 H.
778 2631 868 2693 Stepb.
876 2631 975 2692 Gryplr.
984 2630 1101 2680 sichard.
1111 2629 1190 2678 Grut.
1201 2630 1313 2678 Elzevir.

218 2693 351 2743 Boxhorn.
363 2699 390 2742 et
402 2693 518 2743 Patarol.
534 2697 672 2744 maurotus
687 2702 712 2744 et
722 2697 835 2751 dumnot,·
852 2695 919 2742 uude
932 2695 1011 2750 Ceus,
1022 2708 1083 2742 nunc
1097 2693 1249 2754 pantomimis
1258 2709 1314 2756 quo·

219 2772 263 2819 qus
272 2759 466 2807 adsumam-⁵
481 2758 564 2808 codd.
572 2761 644 2808 Vatt.
655 2765 682 2807 et
691 2759 784 2806 Salisb.
801 2759 862 2820 quod
872 2764 943 2806 untes
952 2757 994 2818 jus
1004 2762 1027 2804 st
1037 2757 1219 2818 imperium-o
1231 2757 1314 2808 Codd.

218 2821 292 2869 Vstt.
300 2822 405 2870 Venetr.
418 2822 510 2870 Pstsv.
521 2828 549 2869 et
560 2821 735 2870 Schwsrzian.
746 2822 786 2884 qui
796 2822 914 2881 emtigors
923 2819 1081 2869 merebantur.
1115 2820 1188 2876 Mox,
1199 2822 1228 2868 ds
1238 2822 1313 2868 seroi-

218 2888 271 2932 tute
280 2889 323 2932 iun
333 2883 375 2932 ed.
386 2883 474 2933 Cerae.
494 2888 524 2931 ut
536 2885 634 2932 liberum
644 2891 680 2932 est
691 2885 757 2946 queri
773 2887 831 2932 cod.
844 2885 935 2932 Pater.
948 2891 975 2931 et
987 2884 1052 2930 Exc.
1064 2882 1186 2932 vora-i
1204 2884 1312 2931 Bebrlus

220 2946 289 3010 conj.
305 2952 332 2996 ut
349 2947 377 2996 dn
393 2947 456 2995 nullo
471 2946 549 3008 magis
560 2947 668 3011 principe
682 2951 810 3009 querantur
827 2946 936 2995 nomines.
967 2946 1049 2995 ‘Turn
1059 2950 1100 2994 tuo
1109 2946 1137 2994 in
1146 2946 1242 3018 sceno]
1259 2947 1312 2996 Pro

623 3089 626 3098 '
708 3102 820 3154 noun
907 3095 915 3113 ¹

212 3205 215 3212 ’
252 3209 418 3278 ‘sanor-em]
442 3215 481 3265 Ut
491 3215 690 3274 Lacedaemonii,
701 3217 745 3282 qni
786 3215 909 3278 secundo,
926 3215 1003 3266 modo
1019 3231 1078 3266 eom
1090 3223 1164 3266 sexto
1176 3231 1237 3267 casu
1250 3219 1312 3282 jon·

218 3283 312 3338 bonaur
330 3290 496 3356 sententiam,
513 3291 547 3341 ab
564 3292 683 3355 improbo
699 3293 745 3342 bo·
785 3292 863 3356 gitur.
896 3293 1004 3343 ‘Macte
1024 3308 1091 3342 nova
1112 3297 1207 3343 virtute
1228 3293 1313 3356 puer,'

218 3359 287 3410 rslns
306 3363 332 3412 in
348 3372 440 3414 senato
457 3367 562 3427 dictam,
576 3369 712 3430 jusserunt
729 3382 745 3417 s
784 3368 934 3418 AEneid.rx.
944 3373 1002 3421 ull.
1018 3369 1124 3418 ‘Macte
1134 3368 1230 3430 animi,’
1240 3371 1311 3418 Mur·

218 3434 288 3484 boso
304 3437 396 3487 iterum
414 3441 477 3503 diei,
492 3441 567 3505 sique
584 3443 696 3504 inscribi,
714 3449 745 3492 ut
785 3445 840 3494 tial.
866 3459 918 3494 xrs.
941 3450 967 3495 6.
999 3445 1133 3494 Interdum
1160 3445 1336 3494 adverbium.

217 3509 256 3560 sie
280 3511 346 3561 boos
364 3517 492 3564 sententis
512 3524 638 3573 maneret,
661 3519 743 3580 turpis
783 3529 838 3573 est:
855 3523 962 3572 ‘Macte
973 3521 1080 3584 smsre,’
1093 3521 1120 3570 id
1132 3521 1313 3580 est,orssime,‘'

218 3593 310 3636 auctor
326 3595 479 3663 mutaretur.
511 3590 554 3642 Its
569 3607 603 3642 ex
624 3593 656 3642 A.
676 3593 743 3643 Gell.
783 3597 892 3647 Plautus
904 3597 929 3646 in
942 3598 1027 3646 Milite
1039 3597 1114 3646 Glor.
1129 3596 1235 3645 ‘Macte
1248 3597 1310 3645 cerl-

217 3672 300 3712 xum.
312 3667 336 3712 3.
353 3663 434 3714 refert
446 3665 558 3730 Lipsius.
782 3671 863 3728 bere,’
878 3671 905 3721 id
917 3680 965 3729 est,
983 3679 1093 3730 mature,
1104 3672 1194 3722 Cicero
1207 3673 1240 3721 ad
1251 3673 1310 3723 Art.

222 3772 225 3778 ·
250 3738 371 3790 ‘deendor'
391 3740 552 3806 imminentis]
580 3743 693 3794 Neronis
712 3758 743 3794 ea
782 3760 820 3798 vr.
833 3750 858 3796 9.
1302 3753 1306 3762 ‘

218 3827 246 3864 rs
258 3815 315 3877 plns
327 3817 390 3866 satis
399 3817 461 3869 noti.
814 3829 827 3866 s
845 3825 988 3872 Consecutus
1002 3823 1040 3888 es]
1065 3821 1181 3873 Effecisti
1193 3829 1223 3872 ut
1241 3821 1308 3888 qnod

249 3887 259 3922 f
272 3890 366 3953 Macte]
382 3891 415 3940 Id
428 3899 477 3948 est,
488 3893 568 3956 magis
580 3900 665 3944 aucte.
698 3894 743 3944 Sic
782 3898 857 3948 initio
869 3900 970 3948 nonnisi
980 3901 1012 3962 ri,
1024 3907 1053 3949 et
1064 3900 1171 3963 imperio
1184 3899 1308 3960 adhibito,

215 3963 330 4027 uictima,
342 3967 369 4014 iu
381 3965 580 4030 quam'int'usonr
588 3975 645 4017 srst
656 3969 742 4018 vinum
782 3973 893 4037 idipsum
903 3987 971 4022 nunc
985 3987 1032 4022 sua
1041 3981 1143 4037 sponte,
1159 3981 1237 4039 atque
1249 3987 1308 4022 con·

216 4046 262 4086 sut
281 4041 347 4102 rbus,
364 4051 455 4092 macta
467 4043 526 4092 rlno
546 4050 591 4092 ant
610 4045 684 4092 tburs
704 4044 743 4093 di·
782 4048 920 4098 suetudine
931 4044 1039 4096 faciant.

216 4111 334 4164 sebatur,
366 4118 437 4168 Hinc
454 4133 542 4168 rocem
561 4119 630 4186 illam
647 4118 679 4167 sd
692 4119 742 4168 slis
812 4121 902 4171 fluum
914 4125 953 4170 tus
967 4121 1071 4186 [lunen]
1089 4123 1158 4186 Lege
1170 4137 1228 4182 cum
1240 4121 1308 4173 niri-

217 4188 367 4240 trsnslutum
379 4199 454 4254 putat
464 4194 577 4247 Servius.
596 4195 675 4244 Modo
683 4209 740 4246 cum
781 4199 841 4249 nelo
850 4204 908 4255 lum,
917 4198 958 4248 vel
969 4203 1006 4264 tu,
1018 4200 1060 4249 rel
1071 4206 1216 4264 utrumque.
