3050 4842
229 335 296 406 352
580 347 631 393 ·c.
654 343 775 394 runnu
800 342 964 393 saeuum

232 515 299 578 que
313 489 450 575 coliegae
465 491 655 568 consulatu,
678 496 836 571 tanquam
851 489 973 553 iterum
986 505 1062 564 suc,
1078 485 1201 569 gaudet
1213 477 1230 566 ;‘
1245 487 1325 562 nisi,

231 595 320 678 qued
344 603 465 670 tamen,
491 594 549 674 qni
576 610 691 655 rursus
715 590 870 654 consules
899 589 994 663 fiunt,
1020 589 1073 650 bis
1096 587 1242 670 quidem,
1265 587 1326 650 sed

231 697 438 779 temporibus
454 692 610 769 dirersiS,
624 692 841 775 ¹obligantur:
864 709 925 754 uos
949 689 1034 754 duos
1055 688 1253 758 consulatus
1269 707 1326 750 ac-

231 797 375 878 cipimus
402 795 513 869 simni,
537 792 638 856 simul
658 792 815 875 gerimus,
830 791 978 873 alterque
993 789 1027 852 in
1042 790 1144 854 altero
1158 788 1327 865 eonsules,

230 897 289 962 sed
304 899 426 962 iterum
442 902 475 960 et
490 897 613 979 pariter
628 912 757 959 sumus.
784 937 788 944 -
1322 935 1327 952 .

234 1034 239 1042 ·
273 998 365 1064 Gar.
383 1014 479 1062 xcrr.
515 995 549 1060 1.
565 995 657 1060 Illud
669 1013 745 1059 vero
756 1013 859 1078 quam
871 992 1010 1074 insigne,
1021 990 1110 1075 quod
1127 991 1224 1055 nobis
1239 1007 1328 1072 prae-

229 1101 330 1166 sectis
345 1098 464 1164 aerario
480 1099 688 1166 consulatum
700 1103 902 1181 antequam
912 1099 1166 1169 successorem:
1176 1091 1326 1154 dedisti?

230 1200 345 1267 Aucta
372 1206 423 1265 est
453 1201 601 1282 dignitas
627 1201 814 1282 dignitate:
849 1218 912 1262 nec
941 1195 1157 1261 continuatur
1185 1198 1327 1267 tautum,

230 1303 292 1366 aed
316 1301 524 1384 geminatusb
554 1309 608 1366 est
630 1301 748 1380 honor,
773 1299 938 1383 finemque
965 1296 1147 1382 potestatis
1176 1293 1326 1368 alterius,

230 1410 391 1487 tauquam
417 1421 534 1486 parurn
558 1410 648 1466 esset
667 1403 836 1484 excipere,
852 1401 1035 1483 praevenit.e
1078 1394 1243 1460 Mania
1262 1392 1327 1458 tibi

230 1503 430 1586 integritatis
453 1512 574 1569 nostrae
596 1504 723 1569 fiducia
745 1503 820 1580 suit,
834 1511 873 1566 ut
887 1521 952 1565 nou
964 1499 1149 1577 dubitarent,
1167 1503 1211 1570 te,
1228 1496 1328 1562 salva

231 1603 411 1688 diligentiae
441 1613 512 1670 tuae
537 1606 677 1681 ratione,
700 1604 879 1681 iacturum,
906 1603 936 1667 si
959 1621 1022 1665 nos
1046 1605 1120 1684 pust
1140 1598 1327 1661 maximum

231 1705 380 1770 officium
402 1707 555 1789 privatos
579 1723 655 1770 esse
678 1723 745 1769 non
775 1701 910 1768 sineres.
953 1701 1056 1780 Quid,
1078 1699 1169 1783 quod
1186 1697 1327 1762 eundem

230 1807 266 1870 in
277 1805 428 1896 anuum*¹
450 1807 662 1872 consulatum
679 1812 827 1871 nostrum
846 1804 1058 1880 contulistii
1074 1803 1164 1880 Ergo
1177 1798 1328 1863 nonalia

230 1927 293 1972 uos
317 1910 466 1991 pagina:
493 1927 687 1993 quamque
711 1913 743 1970 te
768 1907 946 1984 consulem,
960 1904 1134 1986 accipiet:
1157 1913 1192 1966 et
1212 1905 1327 1963 nostra

230 2028 365 2093 quoque
380 2009 515 2074 uomina
534 2009 700 2074 addentur
721 2008 833 2087 fastis,
854 2007 976 2091 quibus
996 2007 1070 2090 ipse
1090 1999 1327 2087 praescribatis.

229 2271 342 2329 tanquam
362 2267 450 2315 iterum
469 2279 512 2313 rac
532 2269 646 2324 gaudent.
679 2266 754 2327 Mox,
776 2266 853 2314 codd.
874 2267 960 2315 Lirin.
979 2267 1054 2314 Vatt.
1072 2264 1165 2314 satire.
1186 2263 1281 2312 Patav.
1299 2271 1328 2313 et

228 2329 399 2379 Schwaraian.
416 2327 547 2389 accepimus
556 2327 713 2388 circuierant
722 2330 846 2389 gerinus:
863 2330 907 2377 ubi
915 2343 1002 2376 cnrnea
1014 2329 1075 2378 edd.
1085 2327 1183 2377 habeut
1193 2329 1328 2389 accipimur.

229 2393 332 2442 Deinde
344 2406 392 2454 pre
402 2393 518 2452 cemus,
529 2393 599 2456 qued
613 2393 707 2453 tegitur
717 2393 744 2440 in
754 2392 812 2441 ced.
824 2393 909 2444 Paria.
920 2393 980 2442 edd.
992 2393 1061 2455 Lipc.
1080 2392 1212 2443 Bcahcra.
1224 2401 1252 2441 et
1268 2393 1327 2441 Cel·

228 2459 336 2506 lar.,ecr.
354 2456 451 2504 habent
468 2455 528 2504 edd.
549 2455 584 2506 Η.
602 2457 693 2519 steph.
709 2457 766 2505 Etr.
786 2465 813 2505 et
834 2457 921 2507 Rivin.
942 2472 1005 2512 cena.
1018 2456 1095 2506 ccdd.
1106 2457 1182 2506 Vatt.
1195 2460 1218 2505 i.
1230 2461 1254 2506 2.
1265 2460 1326 2506 M.

228 2521 322 2571 sarisb.
335 2529 362 2570 et
374 2521 486 2581 Gnetptr.
498 2520 612 2583 itemque
623 2521 649 2569 iu
661 2520 720 2569 edd.
736 2522 838 2570 Putect.
850 2523 942 2578 caten,
954 2522 1061 2584 Cuspin.
1072 2517 1188 2569 Rirenan.
1201 2528 1227 2568 et
1241 2522 1344 2569 Pinio«

228 2599 294 2634 mue.
310 2586 390 2634 canent
402 2583 460 2644 cod.
472 2584 566 2633 Venet.
577 2589 602 2633 2.
615 2593 642 2634 et
654 2585 719 2633 Exe-
730 2585 805 2634 Voce.
817 2589 966 2649 pariterque
978 2587 1003 2633 in
1015 2586 1075 2635 edd.
1088 2584 1211 2634 Bercatd.
1220 2584 1283 2633 Atd.
1295 2585 1326 2632 R.

228 2649 319 2712 steph.
332 2649 418 2698 Livia.
430 2649 532 2710 Gryph.
544 2639 660 2698 sichard.
672 2656 699 2697 et
711 2649 796 2699 Banu.
823 2657 845 2698 et
857 2651 944 2699 iterum
953 2651 1021 2712 ccnj.
1034 2650 1149 2698 Beirrinr.

261 2714 405 2763 Cumxcrr.
442 2712 538 2762 icon.
556 2714 649 2762 Pater.
665 2728 734 2776 quam
752 2713 1023 2778 mceprtcncmdedirti.
1057 2712 1327 2776 Vulgauegucccati·

227 2783 313 2826 riatur
320 2793 330 2835 ,⁸
346 2777 423 2828 codd.
442 2775 515 2826 Vatt.
528 2781 552 2825 1.
563 2777 587 2825 2.
599 2782 624 2827 8.
636 2781 660 2824 4.
677 2778 788 2827 Veneti.
801 2782 824 2826 1.
834 2782 859 2826 2.
870 2779 981 2840 Gueiptr.
994 2787 1020 2826 et
1031 2777 1261 2826 Schwarrinn.'aec
1272 2789 1326 2824 coa·

227 2843 343 2890 tinuatur.
375 2843 428 2890 Pro
442 2843 550 2902 excipere
561 2840 618 2890 cod.
629 2841 800 2891 Schwarrien.
813 2842 891 2893 habet
907 2845 1020 2904 accipere.
1055 2842 1108 2890 Prc
1124 2841 1239 2903 praecenit
1249 2841 1326 2888 codd.

227 2905 301 2954 Vatt.
313 2907 335 2952 1.
346 2908 370 2951 2.
383 2909 406 2953 3.
418 2909 443 2978 ⁴:
460 2904 555 2980 y‘P‘t·
568 2910 590 2954 1.
611 2905 708 2978 §atium
728 2913 756 2953 et
778 2907 872 2954 Parae.
893 2904 990 2952 trabant
1011 2903 1134 2968 peruenit:
1153 2905 1325 2953 Sctrwarzian.

226 2965 1326 3089 3:23stertuittttzrttntitt?1turstatt*tti'fttttrtitit:

226 3099 251 3144 2.
270 3093 364 3144 salisb.
376 3093 488 3156 Gnelph.
500 3102 526 3140 et
537 3094 707 3143 Schwarzian.
742 3095 822 3151 Quid?
836 3098 898 3159 quod
909 3098 1006 3144 eundern
1016 3098 1129 3144 incanum
1140 3093 1205 3160 (sic)
1218 3098 1325 3144 corruta·

226 3164 264 3208 tus
275 3159 312 3209 tui
323 3158 468 3207 comulatam
479 3163 584 3208 nemum
594 3159 715 3208 contulisti
726 3173 758 3207 ex
770 3167 859 3209 vetere
869 3161 979 3224 quodam
991 3160 1049 3210 ccd.
1059 3160 1165 3222 scripsit
1174 3161 1325 3224 Onnptrriuc

226 3223 379 3280 Panviniuc,
391 3223 463 3272 Fact.
476 3237 496 3272 ι.
510 3236 535 3284 p.
545 3226 570 3271 t.
608 3223 688 3271 Lirin.
700 3225 768 3286 ccuj'.
788 3223 866 3279 Quid?
882 3226 943 3286 qnod
954 3231 1020 3274 tuum
1031 3225 1057 3274 tn
1068 3237 1163 3280 canam,
1175 3226 1217 3285 isc.
1250 3225 1325 3285 Mur,

225 3301 277 3348 que
290 3286 364 3336 deest
375 3288 401 3334 in
414 3287 530 3336 omnibus
540 3286 617 3336 codd.
626 3295 654 3335 et
666 3285 726 3336 edd.
738 3295 798 3336 ante
807 3289 936 3338 Schwarz.
948 3303 999 3338 unc
1011 3288 1067 3337 cod.
1079 3289 1218 3337 Pariaienst
1230 3302 1325 3350 excep·

227 3360 264 3413 to,
275 3350 343 3400 nude
355 3357 477 3400 amnium.
510 3350 613 3399 Deinde
633 3364 680 3413 pro
696 3351 866 3425 proercriberic,
886 3353 955 3416 qued
972 3363 1076 3402 cervant
1091 3353 1150 3402 eud.
1167 3353 1252 3400 Paris.
1264 3352 1324 3401 edd.

226 3414 317 3462 Catan·
328 3415 402 3465 Jnnt.
415 3415 484 3478 Lipc.
503 3423 531 3463 et
552 3416 586 3463 at.
614 3416 767 3477 perscruteris
784 3417 878 3482 tegitur
898 3419 924 3465 iu
940 3417 1018 3468 codd.
1029 3418 1092 3468 Vct.
1104 3423 1128 3465 4.
1144 3417 1252 3478 Veneti.
1265 3421 1287 3465 t.
1299 3419 1324 3465 2.

227 3478 320 3527 Satiab.
331 3478 501 3527 Schwaraian.
513 3479 643 3528 Patau'et
654 3480 719 3528 Eae.
738 3480 813 3528 Vcsr.
831 3482 895 3530 item
905 3481 930 3534 in
941 3481 1004 3532 edd.
1021 3481 1083 3532 Ate.
1097 3481 1245 3530 pertenue·
1258 3480 1324 3529 Rhe·

178 3733 181 3739 ·
257 3727 270 3753 ⁸
286 3719 459 3784 Saccecmrcm]
484 3717 516 3769 la
541 3718 626 3770 erarii
647 3717 756 3784 prefec-
825 3707 1324 3784 '⁸Proeccnit]videchrcnologicamta·

227 3801 294 3844 tura.
796 3797 891 3858 brutam,
911 3797 1009 3848 anchis
1020 3797 1079 3846 huic
1095 3799 1168 3860 operi
1181 3797 1324 3859 praeflxam.

258 3869 440 3934 '’Geminatnr]
477 3871 544 3920 Turn
574 3872 635 3935 quia
663 3871 755 3921 ecdem
827 3872 1003 3923 “Eandemin
1021 3872 1122 3936 nanum]
1139 3873 1197 3924 Onu
1218 3880 1247 3922 tn
1263 3887 1322 3926 cuu-

227 3953 344 4010 temporc
364 3955 392 3998 et
404 3945 523 4012 praeiecti
540 3950 633 3998 aerario
645 3961 755 4007 erumna,
796 3948 1028 4010 antetumgerriati·

226 4029 254 4072 et
272 4023 390 4072 consules
412 4025 504 4072 saltem
529 4023 670 4086 darignati,
700 4032 763 4076 tuae
828 4024 1123 4088 ‘Pagind-Faatcruur,
1135 4025 1160 4074 iu
1172 4040 1222 4090 qua
1232 4038 1323 4076 conru-

228 4099 287 4161 qnie
298 4105 409 4164 uterque
422 4102 530 4162 college
539 4101 579 4152 aui
589 4101 685 4152 tancre
698 4107 755 4152 tau·
775 4107 776 4112 ’
795 4101 848 4152 lum
858 4101 960 4152 nemina
968 4100 1187 4154 inscribebantur.

228 4176 512 4240 quameungaudebat·
548 4243 549 4248 Ἰ
588 4217 590 4224 ,
