3112 4852
542 430 823 478 rnnucrmcus.
868 431 894 476 r.
917 414 969 478 16.
1234 411 1322 480 179·

165 572 173 590 “
205 575 488 659 tranquillitatem,
509 581 543 638 et
558 583 623 636 tom
637 573 793 637 contessa
808 571 955 638 hostium
976 573 1149 656 obsequie,
1174 579 1210 636 ut
1227 575 1299 637 vin·

206 676 331 740 cendus
347 696 442 739 nemo
455 677 576 741 inerit·
615 677 648 740 4.
665 675 844 740 Pulchrins
858 674 1095 739 hoc'om'nibus
1111 675 1299 757 triumphis,

207 777 326 862 Neque
351 779 440 842 enim
467 797 626 861 nuquam,
656 778 720 840 nisi
751 797 795 840 ex
822 781 988 841 contemtu
1016 777 1148 859 imperii
1174 777 1300 847 nostri.i

203 881 331 946 fuctum
347 885 410 956 est,
426 885 463 944 ut
477 881 694 944 vinceremus.
730 879 762 942 5.
779 878 883 957 Quod
900 878 930 942 si
946 879 1021 962 quis
1038 879 1198 941 barbarus
1214 886 1300 940 reup

207 985 249 1044 ed
263 981 448 1044 insolentiae
462 981 647 1063 furorisque
662 980 876 1063 processerit,
891 985 927 1042 ut
942 979 1023 1042 iram
1040 985 1130 1042 tuem
1146 978 1298 1070 indigne·

207 1081 401 1165 tionemque
428 1087 613 1162 mereatum
644 1101 709 1161 nee,
738 1081 809 1157 ilie,
835 1081 906 1145 sive
928 1081 1090 1144 interfuso
1117 1082 1212 1156 meri,
1240 1098 1300 1144 sen
1327 1158 1331 1167 Ι

206 1183 398 1248 fluminibus
428 1183 623 1261 immeneiS,q
640 1203 713 1248 ,sen
743 1184 912 1267 praecipiti
942 1190 1064 1260 monte,
1094 1183 1301 1262 detenditur3

208 1285 321 1348 omnin
343 1284 416 1349 haec
437 1291 504 1348 tarn
528 1297 654 1368 prone:
676 1295 814 1369 tamque
838 1284 993 1349 cedentia
1018 1284 1195 1349 virtutibus
1221 1286 1300 1363 tuis,

207 1385 342 1463 sentiet,
367 1394 407 1449 nt
430 1384 624 1450 subsedisse
649 1387 805 1463 montes?
833 1386 968 1450 flumine
989 1386 1175 1462 exaruisse,
1200 1386 1301 1450 inter·

239 1573 250 1597 ⁰
265 1567 323 1616 Tom
329 1571 481 1629 epontnnenm
490 1566 642 1629 deditionem,
654 1573 680 1616 ut
691 1582 758 1617 nemo
769 1581 800 1616 ex
808 1566 840 1615 iio
849 1566 956 1629 deinceps
965 1566 1049 1630 pretio
1059 1565 1203 1630 redigendos
1210 1567 1252 1616 eit.

240 1626 327 1679 ‘Nini
339 1632 395 1692 quin
405 1631 545 1694 spernebant
554 1636 661 1682 nostrum
670 1631 804 1696 imperium.
1237 1661 1238 1666 =

236 1703 250 1728 Φ
265 1695 364 1744 Pereia·
724 1695 738 1730 ὅ
756 1696 922 1759 Conpionntoo
931 1709 981 1744 eone
991 1699 1089 1744 menter.

208 1936 245 1985 nin
263 1943 370 1985 venerer
381 1938 407 1990 iu
419 1943 541 2000 ruentem,
557 1943 585 1986 et
603 1923 740 2002 repertum*
755 1944 848 2000 penten
862 1921 910 1984 ert⁴
920 1935 946 1984 in
959 1949 1049 1984 norem
1061 1933 1138 1984 codd.
1150 1941 1312 1994 annotatum¹

209 2001 287 2059 etiem
310 2001 336 2048 in
353 2001 418 2053 Exc.
437 2000 514 2049 Voss.
529 2009 556 2049 et
574 2009 684 2065 utroque
702 2002 832 2052 Gudieno.
853 2000 1131 2064 ·Itnque‚recepernnt
1147 1999 1258 2049 Gesner.
1276 2006 1305 2049 ct

208 2065 339 2114 Schwern.
359 2066 403 2128 qui
420 2069 506 2114 temen
531 2079 579 2115 nec
598 2068 730 2128 rurigetum
746 2068 887 2128 imperatore
906 2068 1041 2127 reportante
1057 2078 1178 2127 operuere
1198 2065 1304 2119 nudent.

208 2128 279 2178 Hinc
292 2135 318 2176 et
331 2142 377 2177 nne
389 2134 526 2191 utrumque
536 2131 727 2192 expreenirnunss
745 2131 840 2191 Gierig.
876 2128 1015 2191 ‘vergario
1026 2127 1108 2190 tectiov
1122 2131 1204 2240 mnpis
1216 2129 1304 2188 arrisit

208 2191 367 2252 Arntzenin5
380 2193 512 2242 Gennerue
522 2208 584 2248 ¹uero
594 2195 668 2244 istan
681 2196 788 2247 ritermn
799 2193 896 2254 edidit5
906 2193 932 2241 in
942 2193 1102 2252 notiotrpren
1112 2208 1159 2256 pro
1172 2208 1245 2253 prorue
1254 2202 1305 2254 eet,

209 2259 332 2320 quondum
345 2258 424 2306 libros
435 2257 540 2318 pntcnre
549 2258 655 2320 hebere,
663 2259 808 2322 Imperatore
818 2292 824 2307 .
834 2289 841 2307 .
850 2291 858 2307 .
868 2261 1018 2320 reportante,·
1028 2273 1078 2320 qne
1089 2259 1188 2307 ratione
1200 2260 1309 2320 tongum-

209 2321 362 2385 poiyptnton
385 2321 585 2384 interpelletur!
602 2324 723 2374 Sciwore.
757 2324 816 2373 vm.
835 2323 910 2372 Nntt·
928 2323 1002 2371 Verr.
1020 2329 1047 2370 et
1062 2321 1140 2372 oben.
1156 2322 1305 2372 Sctrwerzii.

209 2386 275 2444 Vnc.
294 2399 375 2449 paoem
394 2385 468 2442 deerit
486 2386 512 2434 in
530 2388 646 2438 omnibns
664 2388 718 2438 t'ere
737 2388 815 2439 codd.
831 2394 859 2436 et
875 2387 935 2436 edd.
948 2392 1012 2445 rect.
1027 2394 1101 2436 exter
1121 2401 1182 2445 vern
1201 2390 1226 2434 in
1244 2385 1304 2434 edd.

208 2449 321 2500 Vindob-
337 2449 498 2512 empiniani,
509 2451 629 2502 Francof.
639 2453 757 2513 Gruteri‚
767 2453 856 2500 Plani.
869 2451 957 2515 Lipeii,
968 2451 1079 2501 Snimnr.
1094 2451 1178 2514 Fabri,
1194 2451 1305 2512 Argeut.

209 2517 238 2562 et
250 2512 332 2576 bugd.
343 2514 520 2577 Berneggeri3
540 2517 608 2565 unde
624 2515 729 2566 ndmiuit
741 2515 907 2566 Scirwnrriuo.
941 2519 949 2544 ⁴
962 2516 1002 2563 Ex
1014 2523 1123 2577 utraque
1133 2517 1196 2564 tect.
1205 2514 1305 2563 Plinius

210 2580 287 2640 panto
299 2579 433 2627 obscurius
446 2581 543 2628 tocutun
554 2587 604 2638 eet,
619 2587 647 2629 et
662 2579 770 2630 fortrere
780 2580 823 2628 hic
835 2594 947 2643 qunque,
958 2585 988 2626 ut
1000 2579 1094 2640 peeoim
1108 2579 1133 2627 in
1144 2580 1192 2628 troc
1204 2580 1305 2640 Paneg.

209 2641 540 2692 nonnultaintercidernnt.
575 2642 1306 2707 tranquillitatemebertrbomnihuncodd.etedd.piuri·

209 2706 266 2756 rnin.
294 2707 325 2755 V.
337 2706 370 2753 Ι).
381 2707 408 2755 in
419 2707 529 2770 Epirem.
542 2709 592 2757 Lit.
602 2707 710 2759 denenn.
722 2709 771 2757 hnc
781 2708 887 2761 retinet.
905 2707 949 2755 ned
962 2706 1034 2754 delet
1052 2721 1132 2768 pacem
1145 2715 1172 2755 et
1185 2705 1306 2767 glorian!

211 2769 309 2832 Gierig.
322 2769 346 2818 in
359 2771 408 2819 Ed.
421 2785 474 2820 rec.
517 2771 570 2822 Pro
583 2772 710 2835 partiente
722 2777 771 2821 tom
783 2771 858 2820 codd.
869 2771 940 2820 Vntt.
952 2778 1013 2824 tren,
1023 2769 1107 2818 Parin.
1121 2771 1230 2832 Guetpir.
1242 2771 1306 2819 Eric.

210 2833 288 2883 Vere.
306 2834 478 2884 Schwarzien.
499 2835 590 2886 Seiieb.
605 2837 666 2884 item
685 2835 745 2886 edd.
766 2835 886 2884 Berontd.
908 2835 968 2884 Aid.
986 2833 1060 2885 dunt.
1079 2834 1222 2884 Pniromns.
1243 2835 1307 2883 Cre·

210 2899 280 2946 tend.
299 2897 415 2948 Rhennn.
435 2899 537 2964 Gryph.
554 2900 662 2951 Arcem.
673 2902 704 2950 R.
716 2906 744 2950 et
761 2901 796 2949 Η.
811 2900 902 2964 steph.
920 2899 1003 2949 Lirin.
1018 2899 1149 2948 Boxhnrn.
1165 2910 1192 2949 et
1210 2898 1306 2948 cetur.

209 2962 308 3013 hebent
319 2967 415 3020 tomen,·
432 2965 491 3013 end.
504 2965 596 3014 Vener.
606 2970 715 3022 omnm:
726 2965 803 3014 Pnut.
814 2964 906 3028 Steph.
921 2967 1024 3014 tandem.
1058 2964 1174 3014 Adverti.
1186 2970 1236 3013 tum
1249 2963 1305 3028 jem

210 3027 348 3089 prodidere
358 3028 465 3091 Crinpin·
479 3028 549 3091 Lipo.
562 3029 655 3089 Faber,
665 3029 742 3079 Grut.
755 3030 869 3092 Berneg.
885 3030 984 3084 Benene,
1002 3036 1029 3076 et
1046 3029 1139 3090 Cern;
1158 3037 1184 3077 et
1202 3029 1307 3078 tirrunnt

211 3089 287 3140 codd.
299 3092 373 3142 Vntt.
385 3095 409 3142 1.
419 3096 443 3140 2.
456 3096 480 3140 8.
491 3097 516 3142 Δ.
528 3094 700 3144 Schwarzien.
711 3101 737 3142 et
749 3092 826 3142 Grnt.
837 3099 861 3144 2.
900 3093 989 3142 Codex
1008 3092 1098 3150 Suiieb.
1116 3108 1130 3141 a
1149 3109 1189 3155 pr.
1206 3107 1239 3140 m.
1257 3107 1305 3155 pro

211 3169 274 3204 vnce
288 3155 398 3210 motion,
411 3156 520 3206 dederet
530 3158 668 3214 hominnm5
688 3172 735 3220 pro
752 3171 802 3218 qun
818 3155 929 3206 tectione
942 3165 1027 3204 eutem
1043 3156 1093 3204 ntia
1104 3170 1193 3205 menno
1204 3157 1229 3203 in
1242 3169 1306 3204 rnor-

210 3221 269 3281 gine
286 3221 422 3268 unnotnvit
443 3221 555 3270 mortun.
589 3221 711 3270 Ceterum
732 3222 811 3284 rerba
831 3221 975 3283 sequentia,
995 3219 1113 3282 obsequio,
1136 3226 1163 3268 rot
1180 3219 1308 3268 vincendus

208 3297 276 3334 nemo
282 3283 370 3345 fuerit,
381 3286 418 3333 itu
430 3284 571 3347 depravate
583 3285 697 3346 reliquit,
717 3293 745 3334 ut
757 3283 934 3334 difficillimum
944 3288 1015 3333 esset
1026 3286 1153 3332 veriorem
1167 3285 1306 3333 tectionem

211 3348 272 3396 inde
284 3361 394 3396 eruere:
414 3348 522 3412 obsequio
538 3355 564 3398 net
575 3363 617 3397 eeu
627 3348 675 3396 diie
685 3363 759 3405 nemo,
771 3351 812 3402 te.
846 3349 909 3397 Ver.
922 3353 944 3396 l.
956 3357 982 3396 et
995 3347 1079 3395 Puris·
1089 3347 1192 3412 obsequi,
1201 3354 1243 3397 out
1255 3348 1306 3396 nin·

139 3410 143 3416 '
210 3414 315 3469 cendum·
332 3411 428 3462 Vener.
444 3418 472 3461 et
486 3414 658 3463 Schwnreien·
683 3413 786 3477 obsequi.
799 3417 841 3462 md
851 3413 967 3462 incendiis
975 3428 984 3469 ,-
1000 3413 1075 3461 Vett.
1084 3417 1109 3474 2.
1121 3417 1146 3462 3.
1157 3417 1181 3470 4.
1194 3413 1306 3475 Guetptr.

210 3484 238 3525 et
253 3475 316 3526 ¹edd.
332 3491 420 3525 omnen
434 3477 531 3528 hubent
541 3485 571 3526 ut
582 3479 607 3528 in
620 3483 750 3528 textu—4
768 3479 831 3526 Cnd.
843 3478 928 3527 Porio.
941 3482 968 3526 ut
984 3477 1138 3539 vinceremur,
1149 3478 1226 3531 sicuti
1239 3479 1308 3540 conj.

211 3540 368 3590 Rittereirue.
401 3541 452 3590 Sed
468 3543 523 3605 jem
542 3543 670 3591 Gruterus
687 3543 879 3605 animadvertit,
894 3542 1053 3592 retinendam
1073 3557 1129 3592 eene
1147 3545 1206 3593 lect.
1219 3545 1307 3606 vulgu-

210 3609 323 3654 τηεψ-5
341 3605 431 3654 Codex
443 3605 570 3667 Venetus,
578 3607 810 3671 indignationemque
819 3612 988 3670 promerentur.
1022 3607 1095 3662 Mox,
1107 3623 1154 3670 pro
1164 3607 1308 3668 defenditur,

211 3669 289 3718 codd.
309 3669 380 3718 Vult.
397 3671 579 3732 deprehenditur
588 3687 597 3728 ,·
611 3672 695 3722 Parin.
713 3671 862 3734 dependitur.
890 3671 944 3720 Pro
960 3672 1055 3728 sentiet,
1066 3671 1143 3721 codd.
1161 3673 1234 3720 vett.
1248 3677 1270 3719 t.
1284 3675 1308 3720 2.

212 3736 236 3781 Ι.
249 3738 273 3782 t.
302 3733 386 3782 Perir.
402 3735 514 3797 Gneipir.
530 3735 599 3784 Gud.
615 3740 639 3784 2.
650 3741 729 3785 censet
737 3752 746 3793 ,·
765 3738 824 3785 end.
835 3735 929 3785 Venet.
941 3737 1045 3792 tronrr'23
1056 3734 1179 3784 Bernntd.
1189 3736 1291 3783 scienter
1299 3751 1308 3791 ,·

209 3795 371 3848 Schnnrniue
382 3799 449 3862 conj.
458 3797 527 3848 forte
537 3799 642 3862 legend.
661 3805 758 3856 cernet‚·
780 3814 811 3848 en
829 3801 914 3862 potine
925 3801 993 3860 sciet,
1003 3808 1031 3847 nt
1043 3800 1111 3861 opud
1124 3800 1233 3848 Petron.
1249 3813 1308 3859 cup.
1409 3825 1413 3834 «

209 3863 252 3908 68.
285 3860 367 3910 Codd.
379 3862 461 3913 Parin.
473 3864 569 3912 Vener.
580 3863 691 3923 Gnetpir.
702 3869 730 3913 et
741 3863 915 3913 Sclrwarrien.
938 3867 966 3911 ot
976 3862 1102 3918 uiridiore
1112 3869 1202 3911 montes
1209 3878 1218 3920 ,·
1231 3870 1258 3910 et
1269 3865 1307 3911 nic

210 3923 294 3974 edidit
306 3925 432 3978 Arntnen.
465 3927 525 3976 Viri.
539 3928 614 3978 tht.
627 3928 702 3976 verr.
729 3928 861 3978 Gesnerue
881 3941 941 3977 uero
956 3933 984 3976 et
1000 3927 1043 3976 eiii
1054 3927 1183 3976 mtrediore
1195 3927 1307 3976 retinue-

707 4042 815 4106 noire

244 4161 399 4215 ”Barbarion
417 4166 472 4230 ren]
490 4163 636 4218 Decebnlno
655 4168 739 4218 Deco-
781 4171 800 4220 ti
822 4170 978 4230 inchoatum,
993 4181 1029 4217 uc
1052 4169 1131 4218 terrio
1156 4178 1215 4234 pont
1242 4185 1308 4226 enno
1348 4228 1352 4237 ι

214 4253 268 4288 rum
292 4255 349 4302 rex,
370 4242 493 4293 edvereue
515 4258 591 4308 quem
609 4245 663 4307 jam
686 4251 739 4294 turn
780 4241 928 4294 coniectum
940 4253 987 4293 eet.
1014 4245 1076 4293 Dio.
1127 4277 1130 4282 -

211 4315 307 4367 bellurn
318 4320 541 4385 pnrebetur,quod
554 4335 738 4386 ennoeequen·
812 4320 989 4370 urrunnun
1009 4321 1141 4387 r'mrnennir]
1164 4324 1199 4374 Ut
1218 4325 1308 4375 Denu-
