3088 4848
545 389 826 438 rsunornreus.
874 392 897 437 ι.
919 375 973 440 89.
1239 377 1306 444 347

212 532 245 624 il.
269 529 460 594 Asseeutus
476 549 513 593 es
528 549 661 606 nomen,
676 531 767 614 quod
784 531 827 594 ad
845 532 950 596 alium
963 535 1099 596 transire
1109 555 1175 598 uon
1186 538 1306 619 possit,

212 633 276 694 nisi
292 639 329 694 ut
343 640 507 713 appareat
521 633 556 694 in
573 632 661 696 bono
675 635 827 715 principe
842 634 998 708 alienum,
1014 636 1049 696 iu
1062 637 1153 698 malo
1166 639 1305 701 falsum:

212 733 302 816 quod
317 733 399 796 licet
414 752 529 796 omues
543 739 664 814 postea
683 741 854 817 usurpent,
874 755 1009 818 semper
1023 742 1133 800 tamen
1149 757 1305 818 agnosco-

212 841 265 898 tur
283 841 323 898 ut
345 841 450 897 tuom.
495 834 549 896 10.
572 833 714 912 Etenim,
736 844 774 898 ut
796 837 926 898 nomine
947 832 1129 917 ‘Augusti’
1151 837 1305 902 admone-

212 955 284 1000 mur
298 935 386 1018 eJus,
401 936 458 998 eui
471 936 611 1018 primurn
634 935 782 1000 dicatum
802 945 874 1014 est3
896 939 945 1003 ita
960 938 1034 1002 haeo
1057 937 1223 1020 ‘Optimi'
1245 957 1306 1020 ap·

212 1037 353 1120 pallatio
368 1055 539 1118 nunquam
553 1039 725 1101 memoriae
740 1039 907 1103 hominum
920 1039 1039 1104 sinete
1053 1047 1210 1116 recurret,
1222 1059 1306 1122 qnos

213 1139 348 1221 tiesque
361 1137 488 1221 posteri
501 1139 606 1202 nostri
618 1137 830 1221 ‘Optimum’
844 1141 989 1222 aliquem
1002 1156 1125 1205 uocare
1138 1147 1306 1224 cogentur,

212 1239 313 1302 toties
324 1239 593 1316 recordabuntur,
606 1242 682 1322 quis
697 1242 990 1306 memeritvocari.

255 1339 347 1405 Cau.
368 1355 544 1403 nxxxtX.
582 1342 613 1405 1.
635 1341 772 1418 Quanto
795 1362 894 1413 nuno,
918 1344 995 1407 dive
1023 1344 1163 1419 Nerva,⁸
1183 1345 1306 1425 gaudio

211 1441 342 1516 frueris,
357 1461 433 1504 oum
448 1441 556 1518 vides,
571 1450 608 1505 et
621 1462 697 1506 osse
709 1444 883 1525 optimum,
891 1450 925 1508 et
939 1444 1018 1522 dici,
1032 1465 1130 1528 quem
1146 1451 1306 1528 tanquam

212 1545 372 1625 optimum
386 1543 530 1622 elegisti!
575 1541 686 1621 Quam
700 1545 902 1621 laetumtibi,
913 1546 1000 1629 quod
1014 1553 1225 1628 comparatus
1236 1546 1306 1610 filio

142 1700 147 1703 .
211 1644 468 1718 taurianensi·
511 1644 636 1727 Neque
652 1645 740 1709 enirn
758 1646 825 1709 alio
848 1649 954 1728 magis
976 1649 1181 1730 approbatur
1203 1647 1306 1711 anirni

211 1747 260 1808 tui
276 1744 482 1825 magnitudo,
495 1763 596 1828 quam
617 1746 706 1828 quod
724 1749 874 1830 optimus
889 1751 965 1830 ipse
981 1767 1048 1811 nou
1063 1748 1225 1812 timuistib
1246 1748 1305 1812 eli-

211 1865 290 1927 gere
305 1846 486 1910 meliorem.
530 1847 563 1910 2.
586 1847 655 1910 Sed
672 1856 705 1911 et
720 1857 769 1924 tu,
784 1857 881 1930 pater
893 1848 1050 1930 Trajaue,
1066 1852 1156 1926 (nam
1172 1856 1208 1911 tu
1220 1869 1304 1931 quo-

211 1966 290 2030 que,
305 1949 335 2010 si
349 1966 416 2008 uon
431 1947 567 2022 sidera,e
588 1948 777 2030 proximam
793 1956 904 2014 tamen
924 1949 1089 2012 sideribus
1109 1948 1239 2012 obtines
1253 1968 1305 2012 so·

211 2045 314 2130 dem,)
328 2056 489 2129 quantam
511 2049 662 2130 percipis
677 2049 894 2131 voluptatem,
910 2069 986 2112 cunr
1002 2050 1094 2114 illum
1111 2047 1305 2126 tribunum,d

209 2149 302 2214 illum
325 2149 461 2213 militem
485 2156 591 2226 tuum,
614 2155 739 2216 tanturn
766 2151 1015 2234 imperatorem,
1036 2145 1163 2216 tautum
1183 2150 1305 2234 princi-

238 2337 251 2362 ·
268 2329 463 2388 insertorittoes.

665 2408 848 2432 mnenon!

209 2510 226 2554 9
242 2506 371 2556 Asterum
380 2520 406 2554 es
419 2521 509 2565 mn,
520 2510 580 2570 quod
594 2511 627 2557 sd
636 2509 709 2557 alius
719 2510 822 2558 transire
831 2523 877 2558 sss
887 2510 1069 2572 pensitatione
1084 2515 1197 2572 uppureut
1206 2522 1306 2568 usurpe-

209 2575 268 2623 run.
301 2571 669 2633 Smpertunesagsoscitsrut
684 2579 751 2621 tm
764 2574 1038 2622 cud.l'star.etExe.
1051 2574 1125 2622 Voss.
1152 2573 1306 2633 queuntium,

209 2635 303 2683 omisso
321 2637 515 2696 propositione,
529 2637 607 2684 codd.
622 2638 684 2685 Vst.
701 2639 727 2684 l.
742 2644 769 2684 et
781 2637 895 2698 Goelplr.
929 2638 980 2686 Pro
991 2641 1140 2698 «ἕπουσαν,
1152 2637 1214 2684 Vnt.
1226 2635 1306 2684 hebet

208 2703 435 2759 “mustra-lt)
451 2701 566 2764 Gnelplr.
582 2702 609 2749 in
626 2701 724 2750 ultimis
743 2701 817 2763 trojus
837 2716 897 2763 cap.
912 2701 1007 2763 verbis,
1024 2714 1073 2763 pro
1089 2701 1209 2754 uenerit,
1225 2699 1305 2748 haber

209 2764 351 2811 maturis.

243 2827 309 2875 cnr.
322 2840 445 2876 uxxxrx.
473 2831 487 2876 l
505 2828 537 2877 lu
549 2826 607 2877 eod.
618 2827 729 2890 (luelplr.
741 2829 866 2892 seriptum
878 2837 919 2878 est
929 2829 1010 2888 fueris
1021 2827 1175 2891 profruerir.
1208 2827 1240 2876 Io
1252 2825 1308 2875 Pa·

209 2897 266 2939 tar.
277 2901 303 2938 et
319 2891 384 2940 Exc.
396 2892 471 2939 Voss.
480 2892 537 2941 lraeo
548 2892 627 2940 rerba
642 2893 799 2954 transpositu
811 2901 885 2942 sunt:
903 2910 953 2942 cum
965 2894 1038 2948 uides,
1048 2898 1071 2940 et
1088 2907 1138 2941 esre
1148 2891 1269 2954 optimum,
1281 2895 1306 2939 et

208 2955 270 3016 diei,
282 2961 392 3018 tusqouur
403 2957 525 3017 optimum,
534 2971 601 3016 quen
612 2957 716 3016 elegisti.
748 2957 780 3004 Io
793 2957 869 3006 codd.
882 2957 974 3006 Pater.
990 2966 1016 3004 et
1030 2959 1094 3005 Ere.
1105 2958 1179 3004 Voss.
1189 2956 1307 3003 inesceris

211 3033 261 3080 pro
272 3019 374 3067 uisceris
382 3036 392 3076 ,·
410 3028 436 3066 et
448 3020 484 3068 H.
502 3021 593 3082 Steph.
606 3021 631 3067 iu
650 3021 765 3081 margine
778 3023 921 3080 annotarit,
930 3021 1117 3069 vincereris-2
1135 3018 1241 3068 ‘Annon
1253 3035 1305 3066 rue·

210 3083 261 3131 lius
271 3082 378 3132 dixisset
390 3084 491 3132 Plinius
502 3085 557 3132 sie:
575 3085 642 3132 iilum
651 3085 760 3144 militem,
769 3085 836 3134 illurn
848 3085 968 3134 tribuuntur
980 3091 1045 3132 tuom
1053 3083 1072 3132 t'
1083 3084 1195 3134 Gesner.
1226 3083 1304 3130 ‘Pot-

702 3213 811 3263 NO'l'AE

241 3321 254 3347 ⁸
270 3313 333 3362 Dius
345 3311 438 3375 Nersa]
450 3312 584 3360 convertit
594 3309 737 3359 orationem
777 3321 818 3358 rx.
829 3313 854 3358 o.
882 3307 1026 3372 ‘Quodque
1044 3313 1118 3371 pelet
1137 3314 1220 3357 terras
1237 3309 1305 3357 iuter

209 3389 243 3437 sd
256 3389 381 3449 Nervam,
393 3390 444 3450 qui,
454 3403 520 3436 suno
532 3395 592 3450 post
602 3385 659 3449 ejus
670 3400 737 3434 rnor-
775 3383 894 3448 lunasque
905 3393 1012 3448 urentur,
1030 3385 1145 3434 Semidri
1161 3399 1248 3434 manes
1260 3385 1304 3434 lra-

210 3474 263 3515 tem
282 3467 375 3528 pireto,
387 3463 473 3515 fuerat
488 3482 504 3515 α
518 3465 631 3529 'rajano
647 3479 737 3513 conse.
776 3458 870 3514 bilant,
888 3474 951 3524 quos
973 3460 1049 3523 ignes
1069 3460 1158 3516 virtus,
1178 3459 1305 3510 innocuos

116 3554 122 3562 “
210 3548 307 3591 metris.
778 3537 840 3591 vita,
863 3538 992 3598 patientes
1021 3537 1125 3585 retheris
1148 3536 1192 3585 itui
1215 3535 1305 3586 Fecit)
1339 3551 1341 3556 ’

241 3614 317 3664 '’lt'os
325 3615 441 3678 timuittr]
450 3615 526 3667 Quod
537 3613 627 3664 fecisse
637 3614 737 3676 Augus·
777 3611 899 3660 Manilius
909 3623 928 3659 r.
942 3615 995 3659 168.
1011 3611 1117 3660 ‘Altius
1131 3611 1237 3660 aetherei
1253 3625 1305 3674 qus

212 3699 254 3742 tus
265 3707 281 3740 a
290 3693 419 3740 nonnullis
430 3692 639 3752 reprehenditur,
651 3693 693 3752 qni
705 3705 736 3738 eo
777 3688 872 3734 candet
883 3687 993 3734 circulus
1010 3687 1091 3748 orbis,
1107 3684 1157 3733 illa
1168 3686 1253 3733 Deum
1266 3700 1305 3733 se·

210 3774 312 3816 tautum
323 3766 607 3830 Tiberiumadoptarit,
618 3773 737 3814 ‘ulcorr-
776 3762 839 3808 des:
856 3760 976 3808 bacillis
994 3760 1122 3822 proxima,
1140 3761 1234 3808 Divum
1251 3761 1304 3811 Qui

209 3844 346 3907 paratione
359 3842 462 3905 pessimi
475 3843 581 3903 gloriam
598 3841 647 3890 sibi
659 3853 736 3904 soge-
776 3836 872 3884 virtute
884 3850 930 3883 suu
941 3835 1036 3883 similes
1045 3835 1154 3896 vestigia
1166 3837 1292 3898 tangunt.¹

210 3918 270 3981 ret‚’
281 3917 444 3968 'laoAunel
456 3931 501 3966 nr.
511 3921 550 3965 lt).
808 3909 820 3944 ‘¹
836 3911 908 3958 Illum
923 3907 1054 3972 tribunus]
1071 3911 1157 3972 Supra
1174 3924 1234 3972 cap.
1253 3923 1303 3961 xv.

242 4003 253 4028 ⁸
269 3994 465 4057 sinensium]
485 3992 573 4041 Debet
600 3991 667 4040 euim
690 3991 735 4040 nli·
777 3984 1302 4046 tribuuumfuissel'rsjanuurdicit:land

209 4069 279 4135 quod
296 4083 352 4118 esse
365 4069 503 4117 discrimen
523 4068 590 4116 inter
607 4066 735 4129 privatum
777 4065 856 4114 dubie
868 4064 914 4113 sub
927 4071 1011 4125 petro,
1024 4063 1117 4112 sivein
1133 4062 1236 4126 irruas,
1247 4065 1303 4114 sire

209 4146 347 4207 homiuem,
366 4143 449 4207 qualis
466 4141 554 4190 suerat
568 4139 673 4203 Trojani
691 4153 737 4202 pa·
776 4142 846 4206 apud
860 4138 980 4198 Psrtlror,
989 4146 1017 4190 ut
1029 4139 1189 4192 ostendimus
1201 4141 1227 4190 in
1238 4142 1302 4192 Trn-

209 4231 261 4287 ter,
272 4230 300 4273 et
312 4222 426 4272 Nervam
435 4220 625 4284 imperatorem·
638 4218 735 4268 Lucan.
771 4217 826 4281 jani
838 4216 908 4267 Vita.
