3112 4852
553 421 830 476 annectamus
877 425 901 472 ι.
924 410 978 474 26.
1222 405 1315 475 ’203

220 570 311 653 quod
340 573 493 649 erogatur
520 568 554 630 in
581 571 761 649 posteros.⁸
803 567 835 629 5.
860 563 1058 649 Locupletes
1082 565 1125 630 ad
1152 567 1314 634 tollendos

218 671 370 735 liberos‘i
390 670 539 750 ingentia
558 663 724 750 praemia,h
746 675 781 730 et
802 687 902 750 pares
923 663 1056 751 poenae‚¹
1079 665 1314 734 cohortantur:

219 774 425 858 pauperibus
437 768 616 834 educandiJ
634 787 701 831 una
712 769 797 832 ratio
809 775 861 833 ost
871 771 980 833 honus
993 769 1163 851 princeps,
1185 771 1218 834 6.
1231 769 1314 850 Hic,

219 875 343 939 fiducia
358 875 434 938 sui‘
457 876 663 955 procreatos,
685 870 752 932 nisi
772 870 864 952 larga
882 888 982 933 manu
1003 869 1108 946 fovet,
1123 877 1231 951 anget,
1246 891 1315 935 anr-

218 978 377 1059 plectitur
390 995 399 1055 ;
415 993 575 1038 occasum
590 971 735 1054 imperii,
748 991 905 1036 occasum
917 969 1122 1052 reipublicae,
1132 972 1294 1036 accelerat
1307 993 1315 1036 ι

218 1081 408 1160 frustraque
429 1071 610 1158 proceres,¹¹
624 1075 723 1158 plebe
739 1073 901 1156 neglecta,
916 1078 955 1135 ut
970 1067 1139 1136 desectum
1155 1071 1320 1158 corpores

253 1264 460 1316 ‘Adedrrmdes
467 1281 559 1329 pueros
771 1265 949 1331 ‘Confidentiae
959 1263 1109 1316 liberalitatis
1118 1279 1175 1314 stre.

249 1328 266 1370 s
278 1331 428 1379 Destitntnm
436 1332 554 1381 memhris.

677 1425 856 1446 uenenum

218 1551 296 1598 genas
307 1539 412 1600 dignius.
424 1557 493 1604 quem
504 1544 565 1604 quod
580 1559 595 1592 a
610 1543 717 1607 principe
728 1548 842 1604 er·egntar
852 1542 878 1592 ist
887 1546 1000 1604 posteros.
1032 1539 1070 1590 At
1082 1542 1210 1604 vulgatam
1223 1540 1315 1589 lectio·

222 1616 375 1652 nemomnes
383 1607 474 1669 reliqui
486 1607 563 1656 codd.
575 1607 879 1657 tuentrir.'Schwan.—6
893 1606 943 1655 Pro
953 1606 1117 1669 cohortantur,
1125 1604 1200 1654 codd.
1208 1606 1281 1652 Vntt.
1291 1610 1314 1651 l.

220 1670 246 1715 2.
256 1671 280 1714 3.
289 1672 313 1716 4.
329 1668 422 1719 salisb.
431 1677 458 1719 et
470 1673 581 1734 Gnelph.
594 1673 690 1722 hahent
700 1673 865 1722 adhortantur.
900 1670 983 1720 Codd·
994 1671 1055 1719 Vnt.
1069 1675 1093 1719 1.
1110 1670 1203 1719 Salish.
1222 1670 1315 1718 Pater.

220 1729 280 1778 edd.
290 1733 392 1781 Puteol.
403 1738 475 1783 1476.
485 1736 580 1786 Venet.
593 1741 666 1786 1498.
683 1738 805 1786 Beroald.
816 1737 908 1786 Catan.
919 1735 980 1785 Ald.
992 1735 1063 1797 lips.
1074 1734 1126 1790 alii,
1135 1748 1206 1798 paup.
1214 1735 1315 1809 educun-

220 1795 266 1843 dis.
301 1796 581 1850 Cetericodd.ornnes
598 1803 720 1850 educendi.
754 1799 1075 1862 ‘Videtnraptins,quod
1093 1805 1174 1847 restat
1194 1800 1219 1846 in
1236 1798 1315 1845 Vten-

219 1860 293 1908 uensi
305 1861 429 1922 editione,
439 1865 568 1914 educandi:
586 1867 701 1930 quamvis
713 1874 800 1914 tamen
810 1872 838 1913 et
849 1863 925 1914 alteri
937 1878 997 1912 snus
1008 1862 1116 1912 sensus.'
1128 1864 1205 1936 Grut-
1227 1863 1235 1888 ‘
1247 1862 1317 1937 Edu·

222 1925 314 1984 candi3
333 1928 401 1988 qnod
427 1929 503 1990 paulo
523 1937 582 1992 post
603 1930 686 1979 dicit:
712 1931 856 1991 ‘Magnum
876 1927 999 1992 quiddam
1019 1937 1060 1977 est
1077 1926 1206 1976 educandi
1225 1932 1316 2001 incrta·

220 1996 335 2037 ruentum
354 1992 446 2040 tollere
466 1993 577 2044 liberos!
609 1996 653 2044 Sic
672 1994 697 2042 in
714 1995 831 2056 margine
852 1993 886 2042 ll.
902 1992 1005 2055 steph!
1023 1991 1110 2042 Faber.
1144 1991 1222 2039 ‘Nec
1239 1991 1317 2037 aliter

219 2052 360 2103 Sichardus
369 2061 397 2104 et
408 2056 520 2119 Guelph.
529 2057 599 2121 qnod
609 2060 686 2120 longe
701 2061 738 2120 τῷ
747 2058 874 2107 edwardis
884 2057 1050 2119 praetulerim.
1063 2056 1149 2118 Magis
1160 2063 1252 2130 tamen·
1262 2055 1316 2115 pla·

221 2124 264 2165 cet
275 2120 397 2178 educendi,
408 2121 447 2168 uti
460 2121 549 2170 laudat
559 2123 713 2172 Vertraaius
724 2124 832 2172 Maurus
841 2121 947 2173 deJure
958 2121 1043 2171 Liber.
1052 2137 1075 2170 c.
1087 2125 1113 2170 4.
1124 2134 1157 2168 ex
1166 2131 1271 2181 ungento
1283 2133 1316 2166 an

221 2195 253 2230 ex
266 2183 399 2232 codicibus
409 2199 460 2233 non
471 2187 553 2246 addit,
561 2196 590 2236 ut
603 2189 666 2235 nihil
679 2196 809 2250 procerte
821 2186 898 2235 liceat
910 2184 1028 2235 definire.
1046 2185 1156 2234 Interim
1169 2184 1316 2260 nocuerunt

221 2253 271 2307 est,
285 2250 381 2296 educere
400 2263 448 2310 pro
466 2250 579 2300 educare
593 2253 698 2315 optimis
721 2253 791 2315 poni,
813 2251 882 2315 quod
902 2250 991 2300 velex
1011 2252 1066 2299 solo
1084 2249 1212 2298 Terentio
1227 2261 1315 2310 pneris

221 2310 328 2359 notum!
345 2313 480 2364 Arata-o
498 2315 548 2365 Hae
565 2331 653 2376 voces,
678 2317 915 2380 impedimentum,
933 2315 1025 2364 desunt
1053 2315 1079 2363 iu
1102 2313 1162 2361 edd.
1182 2312 1267 2361 liack.
1288 2319 1317 2360 et

221 2373 303 2424 Gesn.
321 2376 440 2426 ‘Frustra
454 2378 565 2444 princeps
582 2381 658 2444 plebe]
675 2382 718 2430 Sic
736 2381 865 2445 equidem,
876 2388 974 2441 praeter
990 2380 1138 2434 Cellarinm,
1149 2377 1228 2426 etiarn
1248 2378 1317 2452 lege·

220 2448 281 2487 runt
292 2440 447 2503 Beroaldus,
466 2444 610 2506 Manutius,
620 2446 711 2502 doute,
719 2445 861 2508 Gryphins‚
873 2445 1022 2502 Rhenanus,
1033 2444 1069 2492 Η.
1080 2442 1236 2505 Stephanus,
1249 2443 1317 2489 ert·

221 2504 303 2563 netas,
322 2505 494 2562 Boxlrornins,
505 2516 533 2559 et
544 2510 585 2558 alii
598 2509 718 2573 quidam;
735 2524 823 2558 verum
835 2510 878 2558 hic
900 2518 941 2558 est
961 2509 1129 2557 inconcinnus
1147 2515 1175 2555 et
1193 2505 1316 2580 quodam·

220 2570 298 2616 modo
306 2569 406 2618 hiulcus
414 2585 508 2622 sermo.
541 2575 594 2623 Cur
604 2574 671 2622 enirn
683 2573 783 2622 Plinius
795 2574 851 2620 sine
862 2573 977 2635 emphasi
988 2580 1016 2620 et
1024 2570 1106 2634 figura
1118 2584 1176 2618 mor
1190 2571 1228 2617 ins
1241 2583 1317 2632 repe·

182 2633 186 2646 '
221 2638 291 2680 teret
303 2634 371 2681 idem
384 2635 536 2686 vocabulum
544 2640 663 2701 princeps,
675 2637 742 2701 quod
755 2637 873 2698 proxime
890 2646 951 2684 ante
968 2636 1024 2684 haec
1045 2634 1125 2683 verba
1145 2641 1275 2696 posuerat,
1289 2641 1318 2708 et

220 2696 262 2743 cui
272 2697 298 2744 in
311 2699 396 2760 priore
408 2701 465 2748 toco
475 2701 619 2762 signantius
628 2700 766 2750 addiderat
779 2700 895 2760 ἐπίθετον,
903 2700 976 2750 hoaut
984 2695 1112 2761 princeps?
1140 2697 1249 2756 Adhaec,
1258 2711 1316 2772 qtrta

220 2769 260 2808 est
269 2761 322 2824 ills,
334 2777 408 2825 qoem
422 2765 544 2828 princeps
556 2770 667 2828 torquem
678 2765 795 2824 desertam
806 2779 900 2827 corpore
913 2769 983 2826 caput
1003 2762 1108 2837 tuetrrri
1142 2761 1184 2810 Aa
1201 2775 1226 2809 se
1237 2765 1262 2809 et
1272 2775 1317 2809 tm·

218 2825 311 2886 perium
321 2832 405 2875 snum?
422 2828 490 2890 quod
500 2829 610 2878 durioris
623 2829 750 2892 ἐλλείψεως
761 2830 977 2891 complementum
997 2826 1150 2890 suppeditat
1169 2826 1316 2876 Catanaeus.

219 2887 257 2936 At
271 2889 411 2951 planiorem
424 2902 451 2941 et
463 2894 657 2943 concinniorem
675 2894 744 2943 hunc
762 2896 846 2944 locum
859 2891 938 2941 refert
949 2892 1034 2941 codex
1044 2899 1151 2968 noster:
1171 2889 1318 2966 ldicfidrtcia

219 2953 259 3001 ani
266 2959 403 3015 procreatos
412 2957 460 3006 nisi
470 2959 540 3019 targa
550 2959 702 3018 manesceret,
713 2964 794 3019 anget,
804 2958 969 3018 emptarum
985 2971 1088 3006 oceasum
1098 2970 1201 3018 emperia,
1212 2969 1318 3004 occasum

213 3017 362 3082 *reipublice
370 3023 482 3072 accelerat
490 3023 643 3088 ;srnstraqne
652 3038 771 3086 proceres,
780 3023 846 3086 plene
855 3024 970 3086 neglecta,
979 3027 1006 3072 nt
1013 3020 1228 3083 descetnmeorpore
1239 3024 1317 3082 capnt,

715 3193 740 3242 N
744 3191 822 3242 01²AE

253 3302 406 3364 ravagerus
427 3306 453 3354 in
469 3305 587 3370 parterm]
619 3306 662 3355 Sic
682 3305 748 3354 enim
789 3304 835 3354 hes
851 3303 1017 3362 tenebantur,
1035 3320 1162 3370 quamque
1179 3307 1238 3357 ideo
1258 3308 1318 3356 Fes-

221 3374 343 3441 princepa
369 3394 462 3430 nornen
498 3397 571 3431 sunm
600 3383 750 3446 posteritati
790 3387 832 3430 tus
851 3384 995 3430 voeat⁸aes
1014 3382 1149 3432 uxorium?
1181 3383 1318 3433 Praeterea

220 3454 392 3503 commendat.
790 3457 945 3507 arcebantur
964 3458 998 3507 ah
1009 3459 1146 3509 honoribus
1163 3469 1190 3511 et
1204 3460 1318 3526 dignita·

252 3523 264 3558 *¹
280 3527 401 3592 Premin]
413 3531 450 3579 Ut
461 3537 529 3594 sunt,
537 3532 668 3583 honestior
677 3534 748 3584 locus
789 3533 859 3582 tibus
876 3534 967 3598 populi
984 3535 1101 3587 Romani.
1134 3537 1262 3588 Heredes
1272 3554 1318 3589 aa·

220 3603 247 3651 in
259 3607 425 3666 spectaculis,
437 3607 482 3670 jos
500 3610 625 3659 sortiendi
645 3613 747 3674 provin·
789 3617 841 3660 tem
854 3611 966 3660 instituti
977 3611 1157 3664 hereditatem
1175 3615 1248 3664 adire
1266 3629 1317 3664 non

219 3677 282 3742 clas,
295 3681 403 3742 petendi
419 3682 594 3746 magistratus,
611 3685 749 3736 haeredita-
788 3695 921 3750 poterant,
931 3687 980 3736 nisi
992 3689 1062 3738 intra
1071 3699 1177 3738 centnm
1187 3690 1243 3738 dies
1254 3705 1318 3740 uxo·

221 3760 261 3802 tes
271 3755 416 3808 obtinendi.
447 3758 489 3807 Ex
500 3759 558 3822 lege
568 3761 639 3810 Julia
651 3768 680 3810 et
695 3763 747 3810 Pa·
788 3776 841 3810 rern
855 3764 991 3824 ducerent,
999 3776 1031 3811 ea
1040 3765 1099 3826 lege
1108 3765 1180 3816 Julia
1188 3771 1216 3813 et
1225 3765 1316 3828 Papia.

221 3829 273 3891 pia.
308 3831 361 3880 Dio
373 3831 416 3881 lib.
429 3845 509 3882 ratu.
526 3836 632 3884 Sueten.
648 3837 673 3885 in
693 3835 748 3886 Au·
789 3837 858 3886 Vide
871 3837 938 3885 Pan.
950 3851 988 3887 vr.
1000 3852 1023 3886 c.
1034 3841 1058 3886 2.

221 3913 297 3967 gusto
318 3921 342 3956 c.
353 3911 394 3958 ³4.
411 3909 514 3972 Lipsius
530 3910 557 3959 in
576 3911 661 3961 Taciti
678 3911 748 3963 Ana.
818 3912 828 3955 l
848 3908 975 3962 Educenda*
988 3913 1140 3976 [educandis]
1157 3913 1248 3962 Malim
1260 3917 1316 3964 edu·

220 3993 265 4029 ιιι.
789 3989 869 4052 candi,
879 3991 970 4052 supple
981 3990 1085 4044 liberos,
1100 3997 1129 4037 nt
1145 3990 1172 4037 ia
1184 3989 1316 4040 Viennen-

256 4054 263 4088 ¹
276 4056 355 4104 Perea
362 4056 450 4120 prena]
468 4059 503 4107 Et
515 4059 597 4122 turpis
612 4059 681 4123 apnd
697 4061 747 4110 Ro-
788 4064 810 4113 si
821 4064 936 4114 editione
945 4066 1085 4130 legitur,et
1094 4066 1208 4116 Grutero
1219 4067 1315 4130 proha·

222 4146 312 4181 manos
324 4139 352 4181 et
365 4133 508 4195 prohibitus
526 4141 584 4183 erat
603 4135 748 4199 coelibatus,
789 4146 841 4190 tur.

220 4208 321 4257 indicta
357 4223 405 4271 per
440 4224 562 4260 censores
598 4212 749 4273 pecuniaria
820 4213 998 4281 *amneque
1007 4217 1124 4280 proceres]
1135 4216 1237 4268 Alindit
1247 4219 1316 4270 hand

220 4285 327 4340 mulcta,
339 4299 415 4350 qnam
434 4288 531 4351 populo
549 4287 664 4352 pendere
678 4289 748 4340 coeli·
787 4292 867 4344 dubie
877 4293 910 4344 ad
922 4293 1128 4366 venustissimum
1144 4295 1261 4346 Meneaii
1280 4295 1315 4344 Α·
