3088 4848
234 343 300 410 832
598 357 631 406 o.
655 359 775 408 aaran
801 359 966 410 annuant

234 504 580 589 serre,noopuleuo1
610 503 727 572 saitem
755 503 985 588 fragoremque
1001 522 1165 572 remorum
1190 509 1329 589 perpeti,

235 615 378 688 poterat,
394 607 471 689 quin
482 607 525 672 ad
545 605 693 688 singulos
708 608 795 673 ictus
811 606 899 690 turpi
913 605 1089 673 formidine
1103 605 1329 676 horresceret!

233 706 266 772 2.
290 707 408 792 ltaque
428 708 546 792 procul
569 709 613 773 ab
629 709 720 774 omui
735 727 820 774 sono
834 709 1057 774 inconcussus
1073 709 1149 793 ipae
1163 715 1197 776 et
1211 712 1330 778 immo·

234 814 299 886 tue,
321 809 461 890 religato
485 810 701 892 reuincteque
714 811 861 890 navigio,
876 829 943 874 nen
957 829 1057 876 socna
1072 824 1113 876 ac
1126 811 1295 894 piaculum
1307 820 1328 850 ¹⁸¹

233 908 373 993 aliquod
388 909 587 976 trahebatur.
617 910 651 976 3.
668 911 776 976 Foeda
788 911 894 976 faciae
906 912 937 975 ι*
959 931 1036 978 cum
1051 913 1167 996 populi
1183 912 1328 980 Romani

234 1011 415 1094 imperator
443 1011 584 1078 alienunr
614 1031 758 1090 curcum,
786 1013 1000 1097 alienumque
1026 1023 1200 1091 rectorem.
1230 1015 1329 1080 velut

233 1120 337 1196 capta
367 1132 465 1191 nave,
500 1114 712 1197 sequeretur!
768 1113 845 1180 Nec
874 1115 1084 1180 deformitate
1113 1115 1180 1182 ista
1210 1115 1327 1180 saltem

232 1214 368 1280 llnnrina
384 1217 541 1282 carebant
564 1223 665 1299 atque
682 1235 808 1282 amnes.
850 1220 883 1280 4.
906 1217 1086 1283 Danubius
1101 1237 1142 1282 ac
1159 1216 1301 1284 Rhenus
1313 1224 1328 1252 ¹²

234 1321 364 1382 matum
384 1319 465 1384 illnd
487 1318 591 1384 nostri
611 1317 803 1383 dedecoris·¹
824 1319 944 1384 vehere
964 1319 1167 1400 gaudebant,
1186 1335 1252 1382 non
1267 1318 1328 1380 mi·

232 1437 311 1481 nore
331 1439 405 1482 cum
427 1420 553 1504 pudure
568 1421 713 1503 imperii,
727 1420 819 1504 qnod
835 1420 908 1486 hoec
925 1419 1089 1485 Romauae
1105 1419 1239 1501 aquilae,
1256 1418 1328 1484 Ro·

232 1537 332 1584 runnu
345 1521 450 1604 sigua,
467 1521 621 1586 Romana
636 1521 777 1604 denique
792 1522 894 1604 ripa,⁰
917 1541 1018 1605 quarn
1044 1521 1135 1605 qnod
1153 1520 1328 1597 boatium?

232 1628 500 1702 prospectarent.
544 1624 576 1686 5.
599 1621 774 1699 Hostium,
797 1622 921 1707 quibus
942 1621 1045 1686 moris
1060 1625 1121 1698 est,
1135 1621 1252 1686 eadem
1269 1620 1328 1684 illa

232 1737 322 1785 nuno
346 1723 484 1804 rigentia
509 1723 587 1804 gelu
612 1722 762 1802 flumina,
785 1733 846 1789 aut
867 1723 997 1806 campis
1021 1722 1215 1806 superiusa;
1237 1739 1326 1786 nunc

265 1883 278 1918 ¹·
297 1886 374 1950 'liarpe
384 1887 547 1950 spectaculum.

262 1948 271 1982 ¹
289 1951 390 2001 Tantam
400 1952 459 2000 iilud
467 1953 580 2015 probrum
590 1957 704 2004 ararum.

681 2109 866 2132 WOOO

215 2226 297 2276 'Vide
310 2227 386 2276 Nott.
397 2227 475 2275 Varr'.
484 2226 654 2290 fragoremque
664 2241 784 2278 aemorum
793 2227 852 2278 cod.
864 2228 1007 2278 Palam—2
1024 2228 1079 2292 lpae
1094 2227 1165 2278 etiam
1179 2233 1258 2278 mutua
1271 2228 1327 2278 reli·

228 2296 313 2352 galera
330 2291 453 2352 niueoque
470 2290 566 2351 cangio
582 2291 658 2340 codd.
682 2291 744 2344 Vat.
755 2296 781 2342 l.
805 2292 912 2342 Veneta.
930 2297 953 2341 1.
968 2297 992 2341 2.
1015 2292 1100 2342 Paria.
1119 2291 1211 2348 Saliab.
1231 2292 1326 2343 Pater.

229 2355 399 2405 Solrwaraian.
417 2360 444 2402 et
461 2354 526 2404 Euo.
538 2355 613 2405 Voaa.
637 2354 668 2404 alr
686 2356 749 2406 omui
764 2370 819 2404 acac
834 2371 959 2418 concmaur
976 2357 1026 2419 ipre
1044 2362 1067 2406 et
1086 2363 1162 2407 mutua
1180 2356 1326 2420 (inalpin-

229 2424 245 2470 ii
263 2417 327 2469 cna.
344 2419 438 2468 Venat.
457 2421 481 2467 2.
497 2432 550 2468 cum
563 2432 590 2480 p.
604 2435 625 2467 r.
644 2417 707 2483 (eie)
724 2434 798 2484 anper
814 2421 932 2478 alienum:
950 2420 1042 2470 Saliab.
1059 2437 1110 2470 cum
1126 2421 1205 2484 pepuli
1223 2419 1328 2472 &maai

228 2498 302 2546 auper
311 2483 426 2540 alienum
442 2482 484 2534 ed.
497 2483 606 2532 Londin.
619 2498 660 2533 nn.
672 2488 744 2535 lilii.
760 2499 812 2532 cum
826 2486 906 2548 populi
918 2485 1020 2535 Romani
1032 2484 1145 2550 Impendit
1161 2485 1220 2534 cod.
1231 2485 1327 2534 Patav.

229 2556 256 2597 et
268 2547 332 2596 Exc.
343 2548 420 2596 Vera.
436 2562 489 2598 cum
500 2545 616 2611 Priueepr
631 2548 738 2610 Imperii,
756 2562 813 2612 qnae
831 2551 962 2612 acriptura
973 2563 1024 2598 non
1035 2546 1156 2613 displicet
1175 2549 1327 2597 Sclrvarzio.

228 2613 291 2661 aetat
307 2616 391 2676 captur
408 2626 468 2662 aeae
486 2611 544 2660 cod.
557 2612 729 2662 Schwaraiau.
748 2620 774 2662 et
788 2613 881 2662 Saliab.
902 2629 964 2662 am.
976 2628 1015 2676 pr.
1032 2620 1102 2676 utque
1113 2613 1185 2662 etiam
1199 2612 1325 2676 Daunum

229 2690 315 2727 carnea
335 2676 412 2725 codd.
429 2690 471 2739 ap.
490 2675 618 2726 Suburana.
636 2682 706 2739 atque
721 2691 787 2732 omae
801 2675 925 2728 Danubius
936 2679 1002 2730 Eae.
1014 2678 1138 2726 Voce-⁴
1156 2677 1219 2726 cod.
1232 2678 1326 2725 Pater.

229 2749 259 2790 et
280 2741 345 2790 Euo.
369 2742 446 2790 Voaa.
463 2744 542 2788 tumen
559 2739 619 2790 iliud
639 2739 715 2791 autri
735 2741 868 2801 dedecoria5
883 2742 966 2792 codex
988 2739 1105 2802 Livineii,
1124 2743 1239 2798 dedecua‚·
1257 2740 1325 2788 rande

227 2805 282 2864 ille,
298 2819 345 2867 pro
363 2806 449 2864 numni,
466 2804 533 2866 conj.
549 2807 656 2852 ruoaatri.
698 2805 772 2865 Mox,
789 2805 851 2854 Vat.
869 2811 894 2856 t.
911 2813 939 2855 et
956 2804 1026 2856 (ind.
1043 2810 1067 2856 2.
1089 2805 1191 2854 boatium
1209 2805 1327 2853 exercitur

226 2873 401 2932 prospectaret:
417 2867 493 2916 codd.
514 2867 596 2918 Paria.
615 2869 708 2918 Patav.
726 2875 753 2917 et
770 2870 875 2920 Veneti.
890 2873 949 2919 1.2.
966 2869 1044 2919 etiam
1058 2875 1225 2932 prospectaret.
1257 2867 1325 2916 Vide

229 2933 304 2984 Nott.
321 2933 446 2981 Vara—5
464 2929 573 2978 Plurimi
596 2931 673 2981 codd.
691 2946 733 2994 ap.
752 2933 877 2982 Suburana.
894 2934 977 2994 putidae
992 2933 1063 2982 enoria
1084 2940 1130 2992 eat,
1145 2942 1175 2982 ut
1193 2933 1219 2982 in
1239 2931 1326 2994 vnlgg.

229 2995 322 3046 Suliab.
339 3010 401 3044 uero
418 3002 446 3044 et
468 2995 637 3044 Schwarziau.
660 3010 740 3060 parva
758 2997 848 3048 lacuna
865 3000 967 3059 relicta,
981 2997 1087 3059 babent,
1104 3011 1174 3060 quam
1191 2997 1252 3060 quod
1271 2997 1324 3044 luor-

228 3062 289 3110 tium
304 3065 427 3124 prospecta
583 3059 667 3124 quitur
685 3075 734 3110 mor
751 3066 795 3110 cat.
829 3061 953 3112 Nonnulli
972 3061 1046 3112 codd.
1063 3075 1121 3113 cnm
1145 3061 1262 3124 piurimis
1279 3061 1324 3112 im·

723 3189 831 3240 NOTAE

229 3295 562 3360 aBuioUiyaaieaocioita
579 3295 693 3345 dictum:
717 3295 754 3344 lo·
795 3295 900 3358 elegans
931 3293 1061 3344 Martialis
1089 3292 1255 3358 epigramma,
1283 3305 1323 3343 rx.

227 3386 273 3423 cua
286 3379 394 3434 propter
405 3370 471 3420 adria
483 3377 510 3420 et
522 3371 665 3434 tepentium
677 3384 753 3434 aqna-
795 3373 851 3420 102.
879 3369 1000 3422 ‘Cornua
1019 3369 1154 3420 Sarmatici
1170 3376 1211 3418 ter
1222 3367 1322 3432 perfida

227 3446 754 3511 rnnraalubritatemanroeniaaimoa,idem·
794 3447 915 3498 contudit
927 3447 1000 3512 latri,
1018 3446 1161 3497 Sudantem
1173 3447 1268 3496 Getica
1281 3455 1321 3493 ter

226 3537 278 3588 que
292 3521 408 3573 aediliciia
419 3531 447 3572 et
459 3524 630 3573 Romanorum
648 3537 679 3572 eo
690 3536 751 3573 con·
796 3523 857 3572 niae
868 3524 933 3572 lauit
944 3521 1058 3587 equam.'
1091 3524 1134 3574 De
1146 3521 1266 3593 Danrrbio
1278 3535 1322 3570 re·

226 3597 361 3650 fluentium
370 3599 515 3666 frequentia
526 3600 752 3650 celebratiaaimna.
798 3612 827 3648 ro
837 3599 984 3648 Germaniae
1002 3597 1081 3648 fluvio
1097 3613 1176 3662 cupra
1192 3612 1251 3661 cap.
1270 3609 1322 3646 ιιι.

148 3732 150 3736 .
227 3677 321 3726 llora't.
340 3689 360 3726 ι.
377 3676 459 3740 Epist.
473 3679 513 3724 m.
530 3675 640 3725 ‘Nullna
651 3675 677 3724 in
689 3674 751 3726 orbe
798 3675 840 3726 Dc
862 3674 953 3724 Rheno
970 3672 1050 3724 fluvio
1067 3674 1146 3724 etiarn
1166 3687 1244 3738 cupra
1262 3687 1322 3736 cap.

226 3755 297 3816 ,rium
309 3755 379 3804 Baiia
389 3755 516 3819 praelucet
527 3752 651 3803 amonis?
797 3765 858 3802 xrv.

258 3833 277 3864 ¹¹²
295 3831 351 3880 Noa
361 3845 426 3880 aecae
442 3846 470 3879 uc
484 3829 615 3894 piaculum]
640 3830 679 3882 Ut
699 3830 751 3894 pia·
826 3837 838 3862 ⁰
855 3826 1078 3891 Romanu.j..rip.]
1095 3825 1127 3876 ld
1139 3832 1188 3882 eat,
1201 3827 1319 3878 altoma-

228 3907 321 3970 cularia
348 3906 462 3964 uictima.
505 3905 572 3955 Vide
595 3920 673 3968 aupra
694 3920 752 3969 cap.
792 3907 1072 3960 uoexeroituinaeeaa.

227 3994 325 4033 xxxrv.
824 3987 837 4021 1³
855 3982 932 4038 Quum
941 3983 1000 4046 quod
1011 3980 1124 4045 metium]
1148 3980 1231 4032 Quam
1251 3977 1318 4044 qnod

231 4111 233 4116 ,
258 4065 270 4089 ¹¹
287 4057 452 4108 Dauubiuaac
466 4056 571 4118 liberae]
592 4056 692 4105 Pliniua
704 4055 751 4106 hoc
791 4059 915 4108 Germani
937 4073 951 4108 e
970 4059 1027 4123 ripa
1048 4073 1092 4108 aaa
1115 4059 1238 4122 probrum
1255 4051 1319 4106 illud

226 4133 284 4180 loco
300 4134 384 4194 tangit
403 4132 509 4198 'l'rajani
528 4132 706 4196 expeditiones
725 4131 752 4180 in
792 4133 908 4186 no'atrum
920 4141 1128 4200 prospectorum.

228 4208 310 4260 Getae
327 4216 354 4258 et
365 4211 505 4272 Sarmatae,
515 4209 548 4259 de
569 4210 660 4274 quibua
679 4215 751 4260 extat
