3112 4852
233 367 299 434 220
594 383 626 432 c.
650 383 771 432 curun
796 381 963 434 suuuuor

233 523 325 609 quod
350 525 626 607 postulabstnr;⁸
659 525 831 592 obtutumh
863 525 954 610 quod
983 545 1051 590 non
1081 527 1330 608 postulabatur.

233 627 360 691 Institit
374 628 471 704 ultro,
484 635 528 705 et,
539 635 574 692 ut
584 629 910 710 concupisceremus,
922 627 1114 708 admonuit3
1129 647 1170 694 ac
1181 630 1231 694 sic
1244 647 1330 712 quo-

234 727 312 812 quei
336 729 433 811 plura
458 730 646 812 inopinata,
672 731 771 812 plura
800 730 920 793 subita.
963 728 1055 806 Jam,
1082 749 1181 812 quam
1206 724 1329 796 litters1

232 832 455 914 spectantium
469 831 595 909 studia,
610 851 711 913 qnam
724 851 859 896 securos
870 830 985 896 favor!
1011 829 1042 894 3.
1061 831 1198 896 Nemini
1212 833 1330 914 impic-

232 938 296 1006 tus,
312 938 349 996 ut
373 933 515 1008 solebat,
531 934 675 1017 objecta,
697 934 788 1017 quod
807 933 936 1001 odisset
955 932 1196 1015 gladiatorem:
1220 951 1329 1011 nemo,

231 1053 247 1096 e
261 1042 432 1115 spectatore
446 1035 677 1115 spectaculum
693 1035 810 1112 factus,
826 1035 966 1100 miseras
981 1035 1174 1120 voluptates
1190 1054 1279 1100 unco
1295 1043 1331 1102 et

689 1194 867 1216 centumve

230 1299 535 1362 suscepturumque.
570 1300 623 1348 Pro
633 1299 790 1362 spectantium
809 1296 1228 1362 Grtetplt.exhibetspecularrtium.
1264 1297 1328 1346 Cod.

230 1361 323 1412 Peter.
340 1379 408 1426 quam
424 1377 521 1412 securus
531 1363 673 1422 servom-8
692 1364 806 1426 Vulgata
826 1363 905 1412 lectio
924 1370 975 1419 est,
991 1375 1058 1410 nemo
1075 1363 1193 1423 spectator
1208 1368 1328 1422 spectacu-

228 1429 278 1477 lum
288 1429 372 1486 factus
379 1444 389 1485 ,·
406 1436 432 1476 et
451 1430 488 1475 sic
507 1431 581 1492 piane
600 1429 696 1490 legitur
713 1429 738 1477 in
751 1427 809 1490 cod⁰¹
821 1428 914 1476 Pater.
932 1428 939 1454 ‘
953 1427 983 1476 ln
996 1432 1084 1474 nostro
1095 1425 1185 1475 codice
1197 1425 1247 1472 Ms.
1258 1425 1328 1486 quod

229 1492 320 1540 mirum
335 1489 463 1547 videatur,
474 1494 529 1541 bae
541 1493 621 1542 uerba
631 1493 669 1541 sic
680 1494 778 1555 scripta
791 1492 950 1554 produntur:
964 1492 1039 1538 Nemo
1050 1495 1197 1551 exspectator
1208 1494 1330 1550 exspecta·

227 1558 306 1604 calum
314 1558 407 1616 factus,
417 1559 457 1618 tre.
484 1555 581 1606 Eadem
593 1558 673 1607 lectio
684 1557 814 1620 reperitur
823 1557 849 1604 in
861 1555 952 1605 codice
962 1555 1013 1604 Mc.
1022 1553 1175 1602 Peristensi.
1201 1552 1234 1602 ln
1245 1554 1328 1603 attero

228 1621 296 1669 libro
306 1621 424 1669 Gudiano
437 1621 493 1669 brec
504 1621 614 1670 varietas
627 1630 717 1670 extat:
735 1623 811 1669 Nemo
821 1625 846 1668 et
856 1624 975 1682 spectator
985 1624 1009 1666 et
1018 1620 1173 1680 spectaculum
1183 1618 1276 1676 factus,
1286 1621 1328 1680 te.

228 1684 306 1732 Latet
328 1686 353 1731 in
371 1687 418 1733 trac
437 1684 578 1746 depravate
600 1685 729 1748 scriptura
749 1686 839 1746 utique
851 1685 936 1732 verior
955 1683 1045 1732 tectio.
1081 1685 1146 1744 Legi
1158 1681 1227 1730 enirn
1241 1681 1328 1736 debet,

228 1748 306 1796 Nemo
326 1764 338 1795 e
357 1753 486 1810 spectatore
501 1751 658 1810 spectaculum
668 1749 760 1808 sactus.
795 1749 967 1798 Occasionem
987 1749 1144 1810 corruptelae
1166 1745 1243 1794 feclte
1264 1745 1327 1794 dare

142 1839 145 1848 .
227 1821 369 1873 potuerunt
388 1814 471 1860 litet-re
485 1812 551 1861 male
563 1814 734 1875 coltarentes,
745 1827 793 1860 nec
805 1815 867 1861 satis
879 1813 1001 1862 distincte
1013 1812 1128 1873 scripta,
1148 1824 1172 1857 v.
1183 1824 1208 1872 g.
1225 1815 1328 1872 repectu·

134 1925 137 1932 ,
227 1877 454 1934 torespectuculum.
488 1877 539 1926 Qui
573 1878 627 1925 rtasi
647 1877 769 1927 contiuno
782 1883 849 1925 nexu
861 1877 992 1925 scribendi
1008 1875 1098 1924 modus
1111 1875 1270 1938 potissimum
1283 1875 1327 1921 ob-

226 1949 347 1988 servatur
359 1943 384 1988 iu
396 1942 547 1990 citaractere
585 1942 789 2002 ethico-Italico,
802 1950 878 2004 prout
897 1956 911 1989 n
932 1941 1086 1988 Mobillonio
1104 1939 1260 2002 appellatur.
1295 1939 1327 1986 In

226 2003 372 2068 hujusmodi
384 2005 538 2066 scripturam
552 2021 610 2056 cum
623 2007 744 2056 inciderit
756 2005 875 2054 librarius
887 2007 1001 2068 ineptus,
1015 2005 1106 2066 legisse
1123 2005 1236 2062 videtur,
1251 2015 1327 2064 espre-

226 2073 291 2117 tator
302 2071 487 2134 espectecutumr
498 2069 564 2118 lrsnd
578 2083 661 2132 secus,
673 2085 704 2119 sc
718 2069 835 2119 librarius
847 2070 943 2119 codicis
956 2069 1008 2117 Me.
1018 2067 1179 2130 Peristensis,
1191 2081 1248 2128 cup.
1258 2079 1327 2116 xurr.

226 2147 258 2179 ex
271 2134 361 2180 eadem
374 2148 449 2181 carme
462 2133 594 2199 inquinate
612 2135 727 2197 scripsit,
744 2137 751 2162 ⁸
765 2135 856 2183 Omnis
873 2135 974 2183 delator
991 2133 1156 2186 edomestico,
1169 2131 1272 2188 liberati
1285 2146 1327 2179 su-

225 2194 312 2257 mus;'
328 2211 385 2244 cnm
404 2195 518 2246 scribere
537 2197 681 2254 debuisset,
698 2201 804 2247 ‘omues
817 2198 934 2247 delatore
945 2197 1088 2245 domestico
1107 2195 1212 2245 liberati
1224 2195 1329 2244 sumtus)

226 2260 291 2308 Cum
304 2275 365 2308 vern
378 2260 484 2308 verbum
499 2261 661 2326 frequentius
673 2261 787 2322 obvium,
797 2265 914 2324 exspecto,
926 2263 952 2310 tn
965 2261 1050 2309 animo
1061 2259 1159 2320 babuit,
1171 2259 1240 2308 forte
1252 2269 1325 2322 puta·

225 2324 273 2388 vit,
284 2324 343 2390 irinc
356 2323 448 2373 mellus
467 2339 524 2374 esse
544 2325 736 2375 rescribendum
756 2331 913 2388 exspectator,
925 2339 965 2388 sc,
977 2323 1044 2374 torte
1057 2334 1163 2388 propter
1175 2323 1327 2384 alliteratim

224 2403 294 2452 netu,
315 2389 392 2437 etiarn
413 2392 609 2451 exspectantium.
644 2391 718 2440 Alius
730 2389 860 2452 librarius,
877 2390 921 2454 qni
940 2403 989 2438 uon
1008 2396 1060 2438 tam
1073 2389 1157 2438 obesis
1169 2388 1274 2438 neribus
1288 2391 1325 2438 uti

224 2453 274 2501 sibi
287 2453 354 2500 uisus
366 2460 414 2512 est,
428 2453 611 2504 animaduertit
622 2456 737 2522 quidem,
754 2459 891 2516 utrumqne
909 2455 1070 2515 vocabulum,
1087 2458 1236 2516 exspectator
1247 2462 1273 2501 et
1284 2468 1327 2502 es·

223 2517 391 2582 spectaculum,
402 2519 498 2567 nullius
510 2533 571 2569 usus
582 2533 655 2570 esse:
673 2534 731 2569 cum
753 2533 814 2568 reru
834 2517 931 2582 illude,
949 2520 988 2566 vel
1006 2535 1046 2579 ec,
1066 2531 1114 2565 non
1136 2519 1212 2580 piane
1229 2515 1326 2566 frustra

223 2583 394 2645 praepositum
414 2584 573 2646 opinaretur,
591 2584 651 2633 binc
671 2582 773 2636 effiitxlt
793 2587 816 2632 et
835 2588 960 2648 spectator,
982 2587 1006 2631 et
1024 2583 1189 2644 spectaculum,
1210 2588 1287 2644 prout
1299 2583 1324 2630 iu

223 2645 346 2696 Gudiann
369 2647 436 2696 libro
458 2654 608 2697 annotatum
629 2655 677 2698 est.
720 2648 846 2711 Equidem
869 2647 936 2695 haud
960 2649 1045 2708 magni
1067 2645 1201 2704 momenti,
1221 2646 1328 2694 veritati

223 2718 310 2760 temen
332 2726 486 2774 congruens,
507 2715 563 2762 brec
583 2721 623 2761 est
640 2711 797 2770 emendatio,
810 2727 868 2775 qrtoe
880 2713 958 2760 etism
980 2713 1075 2759 cludunt
1093 2712 1244 2759 suboluerat
1258 2711 1325 2758 Livi·

223 2775 299 2824 nelo!
316 2775 439 2824 Sclrscarz.
471 2777 642 2825 ⁸0bsecums
660 2792 714 2826 snm
734 2777 847 2826 libenter
865 2775 966 2824 monitis
980 2775 1128 2828 Sclrwarzii,
1144 2789 1201 2822 curn
1221 2788 1266 2835 pro
1283 2789 1324 2822 ex·

221 2845 340 2902 spectator
360 2843 558 2900 exspectacutum,
575 2841 644 2902 qtrod
663 2841 760 2890 babent
775 2841 840 2888 Mss.
859 2840 902 2888 ubi
920 2839 1017 2887 editum
1037 2839 1087 2888 fuit
1102 2844 1220 2902 spectator
1234 2843 1324 2900 spectu-

223 2905 302 2951 culum
324 2902 374 2964 legi
395 2904 486 2951 srrsdet
508 2917 520 2951 e
542 2909 674 2966 spectatore
700 2906 866 2966 spectaculum.
912 2903 946 2952 Et
967 2905 1049 2951 altero
1071 2905 1128 2951 loco
1151 2917 1198 2965 pro
1222 2907 1325 2965 meulent

224 2967 338 3023 vulgato,
361 2965 513 3027 exspectent!
535 2967 615 3016 Gesn.
652 2968 808 3029 ‘Ingeniosa
832 2980 902 3021 saue,
930 2973 957 3016 et
981 2965 1092 3016 fortasse
1116 2981 1177 3016 vers
1198 2976 1239 3018 est
1265 2965 1323 3017 VV.

223 3033 289 3082 DD.
307 3029 466 3093 conjectura,
488 3032 640 3095 conjectura
663 3039 761 3091 tamen,
783 3045 841 3095 quoe
862 3044 877 3077 a
899 3030 953 3079 solo
973 3031 1077 3092 ingenio
1100 3031 1243 3094 dependet,
1264 3044 1322 3078 curn

224 3110 257 3144 cx
282 3095 386 3143 vocibus
408 3100 558 3158 exspectatur
579 3097 767 3158 exspectaculum
791 3095 882 3158 majori
909 3093 1036 3144 facilitate
1062 3093 1154 3145 confici
1181 3095 1277 3158 poterit
1299 3101 1324 3143 et

223 3175 259 3223 sp.
282 3164 306 3208 et
323 3165 396 3222 spect.
416 3162 454 3220 uti
474 3161 544 3210 clare
564 3161 660 3226 tegitur
678 3161 703 3210 in
716 3160 831 3222 Guelpb.
866 3160 971 3210 Nemini
985 3168 1069 3208 tamen
1082 3175 1153 3210 suam
1167 3160 1321 3208 sententiam

721 3305 826 3356 NOTAE

225 3418 257 3466 tls
277 3424 317 3466 est
341 3417 367 3468 in
386 3417 514 3481 principe,
533 3419 656 3468 rictorem
673 3419 752 3483 juxta
791 3419 939 3470 nuntiatione
967 3433 1014 3467 suo
1043 3432 1114 3470 murs
1143 3412 1274 3470 Martialis
1295 3432 1315 3466 r.

224 3492 390 3554 arenteleges
402 3493 509 3554 praemio
521 3493 639 3544 donaret.
790 3502 834 3547 22.
852 3499 939 3548 ‘Dum
960 3504 1062 3556 peteret
1083 3511 1141 3558 pars
1158 3497 1216 3546 bac
1238 3497 1321 3559 tityri·
1416 3493 1420 3508 '

255 3577 268 3612 e
286 3567 355 3622 Quart
363 3568 539 3630 postulabatur]
551 3569 682 3620 Postulati
694 3577 752 3631 pot·
793 3587 863 3629 num,
875 3587 934 3635 pars
947 3573 991 3620 illa
1003 3571 1184 3634 'l'riumpbunu
1197 3571 1321 3620 Promisit

223 3653 281 3695 erat
305 3659 320 3697 a
338 3644 537 3708 spectatoribus,
558 3651 587 3694 ut
608 3645 633 3694 bi
659 3646 752 3708 potius,
793 3649 990 3712 periterCaesar
1003 3651 1220 3710 risusqnemann!

222 3731 299 3785 quem
310 3719 518 3783 atiiglsdiatcrss
529 3722 748 3784 producerenturr
828 3723 840 3758 ¹¹
856 3723 981 3786 Oblatum]
1007 3722 1202 3787 Spectaculum,
1223 3724 1264 3774 vel
1276 3738 1320 3773 sn·

217 3799 385 3862 jugularetur
412 3797 465 3857 ille,
493 3797 536 3846 hic
564 3797 749 3848 dimitteretur.
791 3809 894 3863 tequam
907 3807 1063 3862 peteremus.

223 3873 324 3924 Plinius
345 3870 434 3920 laudat
456 3873 504 3921 troc
528 3874 586 3924 loco
608 3873 749 3936 Traianum
823 3876 830 3912 ¹
844 3875 924 3926 Aestc
935 3871 1038 3937 quoque]
1048 3867 1083 3922 Et
1096 3873 1160 3923 licet
1171 3889 1219 3923 nos
1231 3874 1320 3924 admo·

223 3947 292 4012 quod
309 3950 335 3996 in
354 3949 384 3996 iis
397 3949 473 3997 rebns
485 3950 601 3998 cornibus
615 3950 684 4013 uulgi
696 3957 749 3999 stu·
791 3951 889 4000 unisset
901 3963 958 4014 qrrae
975 3949 1126 4011 spectacula
1145 3959 1320 4012 prepararet,

223 4023 411 4072 diisrnirumin
431 4023 533 4072 modum
552 4023 749 4087 obsequeretur.
790 4027 866 4090 plora
893 4033 981 4074 tamen
1004 4037 1081 4088 quam
1111 4028 1265 4088 promiserat
1291 4034 1320 4076 st

223 4098 298 4148 Adici
311 4107 397 4161 potest
408 4100 511 4164 Lipsius
522 4101 555 4149 de
575 4100 749 4150 Postulstitiis
789 4118 867 4168 qttsm
879 4102 1045 4165 sperabamus
1056 4103 1253 4167 contingebant.

220 4173 421 4226 Gladiatoribus
430 4190 461 4225 rt.
472 4181 511 4226 16.
521 4186 548 4226 ct
560 4175 593 4225 de
606 4177 692 4240 populi
704 4191 749 4240 pe·
822 4180 831 4224 l
847 4179 945 4244 Libera]
972 4179 1156 4242 spectatorum
1179 4181 1318 4245 unicuique

221 4250 358 4303 titionibus
368 4265 426 4316 cap.
437 4257 478 4302 22.
504 4254 588 4309 Quam
601 4253 626 4303 in
640 4269 693 4304 rent
707 4269 750 4304 ve·
792 4255 900 4326 liberum
921 4262 987 4317 esst,
1005 4255 1157 4320 cuicumque
1180 4257 1318 4320 gladiatori
