3022 4852
215 345 263 411 30
382 427 389 444 κ
534 362 583 410 nn
606 361 728 411 nnrnrr
753 361 997 430 rrnncrnruo

217 505 354 592 politice
366 506 497 590 ingenie
511 527 579 572 non
590 506 737 592 indignae
752 509 967 575 intententur.
997 507 1087 589 Quis
1097 528 1162 574 uon
1174 509 1316 574 admire-

218 610 383 687 tutillam,
396 629 465 694 qua
476 631 551 694 cap.
563 613 743 676 xnv111.3.
754 610 953 690 Domitiani,
965 613 1213 678 indemesticos
1229 613 1317 691 adeo

208 703 395 790 saevientis,
407 713 541 778 alienos¹
554 719 805 798 autem·magne
817 734 955 780 numeru
965 715 1169 794 trucidantis,
1181 717 1318 781 ceteris·

220 835 284 898 quc
299 820 454 880 terrorem
469 806 677 894 incutientia,
689 815 876 882 'crudelitas
890 817 1112 902 exprimiturl
1150 817 1316 882 ‘Resisti-

194 943 199 950 '
219 937 306 995 mus,
322 924 360 998 ut
381 918 416 982 in
438 918 608 983 communi
628 918 739 991 dumo,
760 938 867 1002 quam
880 939 988 1003 nuper
1001 919 1061 984 illa
1075 919 1318 1012 immanissima

218 1020 333 1085 bellua
347 1021 495 1103 plurimo
507 1027 630 1087 terrore
645 1023 828 1086 munierat:
850 1041 927 1086 cum
942 1021 1034 1087 velut
1049 1022 1197 1105 quodam
1212 1041 1319 1106 specu

218 1123 359 1194 inclusa,
381 1142 471 1186 nunc
494 1125 761 1208 propinquorum
782 1123 979 1208 sanguinem
990 1124 1164 1202 lamberet,
1178 1140 1267 1188 nunc
1282 1143 1321 1188 se

220 1225 263 1291 ad
279 1225 538 1291 clarissimorum
553 1227 679 1292 civium
695 1231 822 1310 strages
838 1227 1019 1310 caedesque
1034 1227 1204 1318 proferret.
1248 1225 1321 1291 Ob-
1343 1223 1344 1231 ’

220 1329 440 1406 versabantur
454 1327 578 1394 furibus
592 1331 706 1395 horror
720 1335 754 1396 et
772 1330 883 1408 minae,
903 1334 939 1393 et
959 1350 1021 1414 par
1041 1338 1146 1395 metus
1161 1328 1319 1402 admissis

221 1439 256 1496 et
269 1430 439 1500 exclusis!
482 1433 629 1522 Tigridis
644 1434 905 1517 descriptionem
914 1433 1017 1503 habes
1028 1432 1246 1510 verissimam,
1261 1449 1323 1500 cu*

216 1534 274 1618 jus
296 1533 539 1598 immanitatem
554 1536 759 1618 adaequabat
773 1535 1025 1617 sauguinolenta
1040 1533 1226 1598 Domitiani
1246 1553 1320 1598 eru·

221 1635 354 1704 delitus.
400 1634 527 1719 Neque
546 1635 603 1700 hie
627 1635 817 1719 phantasiae
840 1634 954 1700 vivide
975 1643 1153 1700 commotae
1173 1637 1330 1724 impetueg

221 1739 333 1802 statim
347 1723 508 1815 subsedit,
524 1736 583 1802 sed
598 1737 697 1804 initio
707 1741 787 1820 ''cap
799 1757 871 1821 seq.
882 1737 984 1805 aliam
993 1737 1093 1802 nubis
1108 1737 1222 1832 pbjicit
1236 1738 1327 1804 ima·v
1362 1771 1365 1775 ·

222 1842 342 1924 ginem,
366 1861 432 1904 nen
452 1839 564 1906 minus
587 1843 679 1906 illam
697 1840 940 1918 admirabilem,
960 1839 1002 1904 de
1015 1839 1165 1922 ejusdem
1179 1841 1322 1924 tyrann,
1367 1907 1371 1916 ,

163 2003 168 2014 Χ
222 1943 419 2027 parietibus·
432 1952 467 2008 et
492 1944 597 2008 muris
623 1944 767 2008 salutem
789 1961 884 2008 suam
913 1942 1037 2008 frustra
1059 1943 1196 2019 tuentis,
1218 1961 1322 2008 neces

222 2048 400 2112 ‘Dimovit
423 2046 651 2130 perlregitque
674 2046 847 2112 custodias
870 2045 990 2122 Poena,
1014 2052 1240 2129 angustosque
1262 2065 1322 2130 per

224 2148 338 2214 aditus
357 2157 391 2214 et
410 2143 611 2228 obstructus,
626 2167 694 2213 uun
709 2167 808 2213 secus
829 2167 871 2214 ac
888 2166 948 2231 per
962 2151 1094 2233 apertas
1114 2145 1206 2210 fores
1226 2149 1322 2239 etlin-

224 2247 364 2316 vita'ntia
389 2251 507 2316 limina
533 2251 679 2335 irrupit*
712 2250 867 2318 'Insidias
890 2256 923 2315 et
948 2248 1143 2332 repentinus
1161 2248 1322 2314 malorum

174 2425 177 2432 g
225 2353 423 2439 Principum
445 2354 481 2417 in
509 2359 603 2418 cives
635 2372 775 2419 secures
797 2353 944 2436 impetus
962 2371 1040 2435 cap.
1060 2365 1167 2425 nxvr.
1190 2352 1322 2434 egregie

224 2457 290 2522 hae
315 2446 458 2538 i'magine
487 2457 761 2540 repraesentavit:
799 2455 931 2522 ‘Erant
956 2455 1018 2518 sub
1051 2453 1162 2518 oculis
1189 2452 1321 2520 naufra-

126 2565 129 2568 ’
226 2561 283 2642 gia
304 2559 495 2638 multorum,
517 2579 601 2644 quus
619 2555 788 2624 insidiosa
802 2556 1046 2642 tranquillitate
1061 2561 1240 2638 provectus
1259 2557 1320 2619 ima

226 2665 384 2746 provisus
407 2665 507 2728 turbo
526 2660 734 2747 pertulerat!
777 2659 812 2726 Α
830 2659 990 2743 Trajanu,
1010 2678 1076 2723 nun
1098 2677 1118 2722 e
1145 2658 1247 2722 bonis
1265 2677 1344 2730 oc-‚

226 2768 367 2831 cicorum
380 2768 537 2846 alimenta
551 2766 667 2830 liberis
679 2765 803 2830 civium
813 2765 992 2848 prebente,
1005 2761 1325 2844 cap‚fxxv11.‘nuu

226 2868 325 2933 liberi
337 2869 472 2947 civium,
487 2879 527 2931 ut
540 2867 685 2932 ferarum
701 2867 819 2944 catuli,
834 2866 994 2946 sangnine
1009 2871 1044 2928 et
1056 2863 1209 2928 caedibus
1223 2863 1326 2931 nutri·

194 2991 199 3004 ·
227 2977 324 3036 untur
334 2970 355 3052 3'
364 2989 469 3054 neque
481 2970 537 3035 ille
546 2989 623 3052 cap.
635 2985 782 3034 xxvrrr.
795 2967 966 3050 congiaria
980 2965 1206 3032 ‘tumentibus
1216 2965 1325 3050 plebis

228 3073 349 3138 animis
364 3070 537 3156 objectat,'
560 3077 598 3136 ut
614 3071 725 3136 cibum
740 3071 816 3137 uani
830 3087 976 3134 morsum
998 3068 1174 3133 minitanti.
1221 3066 1326 3145 Idem,

229 3174 377 3241 cudrcita
387 3174 557 3252 vicesima,
568 3167 763 3238 csxxxrx.
787 3179 955 3256 ‘sparsas
965 3177 1069 3256 atque
1082 3170 1183 3235 veluti
1197 3170 1326 3252 lacerus

206 3327 210 3338 ·
229 3281 432 3364 gentilitates
447 3281 584 3362 colligit,
599 3286 701 3362 atque
712 3278 892 3355 connectit,
902 3283 937 3342 et
947 3276 1044 3360 quasi
1059 3275 1190 3340 renasci
1200 3275 1298 3360 jubet
1309 3275 1328 3343 ε’

140 3449 144 3457 ,
228 3404 299 3468 que
314 3385 389 3448 loce
402 3383 464 3448 etsi
480 3390 605 3462 orator,
621 3392 776 3466 utsupra
790 3378 1176 3458 menui,tamviucsimae
1192 3371 1328 3456 damna,

230 3503 331 3569 quam
354 3475 521 3568 Principis
536 3485 745 3562 beneficium,
760 3483 858 3548 nimis
876 3484 986 3558 auxit,
1006 3481 1117 3563 imago
1132 3485 1242 3544 tamen
1257 3478 1330 3556 ille,

231 3588 263 3653 si
276 3589 311 3672 in
326 3608 363 3652 se
378 3596 556 3672 spectetur,
576 3589 665 3652 buna
685 3595 750 3672 est.
793 3585 910 3652 Nerva
924 3603 1002 3651 cum
1017 3582 1200 3666 Traianum
1222 3580 1328 3665 adop·

105 3739 107 3746 -
216 3698 351 3768 tusset,
364 3691 524 3772 gaudium
541 3691 614 3775 ejus
630 3709 707 3773 cap.
718 3704 803 3752 vrrr.
819 3689 866 3752 ita
881 3686 1094 3771 exprimitur:
1110 3683 1214 3749 ‘Nun
1229 3701 1336 3748 secus·
1414 3709 1416 3715 ’

169 3811 171 3818 ⁴
231 3808 273 3858 ac
284 3794 441 3879 praesenti
454 3793 516 3859 tibi
531 3794 678 3870 innixus,
690 3793 757 3857 tuis
771 3789 919 3854 humeris
931 3809 967 3854 se
977 3789 1184 3872 patriamque
1196 3793 1329 3858 susten·

216 3905 317 3986 tuus,
333 3901 391 3960 tua
400 3885 550 3980 juventa,
566 3901 625 3960 tuo
637 3896 755 3961 robore
766 3890 940 3958 invaluit’·
953 3891 1020 3956 Sed
1035 3889 1238 3956 minusbene
1253 3907 1330 3972 cap.

205 4011 211 4024 ·
234 4015 287 4062 vr.
300 3997 503 4065 3.·‘sinum'
525 3998 642 4084 matris
659 4001 693 4062 et
714 3993 854 4062 ‘nuens'
877 3994 1063 4078 imperium,
1084 3993 1330 4058 ‘concussum-

232 4098 318 4185 que'
339 4101 580 4184 rempublicam
597 4098 785 4183 conjunxit.

278 4203 450 4286 Ingenium
472 4202 613 4270 oraturis
633 4199 734 4268 facile
757 4193 860 4266 eliam*
876 4198 988 4264 elucet
1002 4215 1021 4262 e
1035 4194 1328 4294 descriptionibus,
1414 4235 1417 4240 <
