3100 4854
231 321 296 386 120
737 333 827 382 vrrn

231 500 332 556 mum,
345 483 379 544 et
392 478 500 544 adhuc
512 478 546 542 in
560 476 715 562 gradibus
728 479 929 554 consistens,
939 477 982 542 nd
994 477 1238 544 multitudinem
1250 499 1330 546 con-

233 603 351 647 versa:
384 580 524 660 ‘Telis'
549 581 668 664 inquit,
689 581 779 645 ‘huc
801 580 976 663 ingredior,
1001 581 1136 664 qualem
1161 602 1214 646 me
1238 583 1332 647 exire

231 682 353 768 cupio!
396 683 598 766 Panegyrici
622 701 701 746 vero
729 701 805 762 cap.
823 697 1001 746 nxxxur.
1017 689 1026 718 ‘
1044 681 1137 761 Quid
1152 683 1213 748 illa
1233 704 1330 750 sanc-

233 789 325 851 tiusl
347 784 427 869 quid
442 784 638 868 antiquius?
653 801 776 861 nonne,
788 783 818 848 si
833 782 992 849 Pontifici
1006 783 1164 849 Maximo
1178 786 1332 870 eligenda

233 889 278 954 sit
300 887 438 971 conjux,
462 894 521 951 aut
541 886 639 964 hauc,
660 892 718 950 aut
739 886 879 951 similem
898 888 968 964 (ubi
984 893 1035 951 est
1049 890 1160 951 autem
1175 888 1295 953 similis
1303 891 1334 969 i)

234 989 392 1072 elegeritl
406 1032 414 1049 .
427 1034 435 1052 .
449 1034 456 1050 .
469 986 582 1066 Quum
597 987 728 1052 modica
749 989 859 1052 cultu!
884 987 997 1067 Quam
1021 1007 1125 1071 porca
1147 991 1331 1056 comitatu!

237 1091 350 1171 Quum
365 1089 476 1157 civilis
497 1090 634 1156 incessu
646 1087 672 1153 l'
696 1089 804 1157 Extat
819 1091 861 1160 de
876 1110 918 1157 oa
934 1109 1100 1167 nummus,
1120 1092 1222 1176 cujus
1232 1092 1268 1157 iu
1284 1093 1334 1158 al·

235 1200 307 1258 tera
321 1197 414 1277 parte
436 1192 550 1277 puella
570 1198 674 1267 stanS,
697 1191 820 1257 dextra
842 1210 1001 1256 coronam
1024 1192 1186 1269 lauream,
1200 1193 1335 1258 sinistra

235 1295 342 1378 pilum
358 1295 430 1359 sine
444 1295 529 1366 ferro
549 1293 696 1378 praefert.
738 1293 888 1370 Titulus,
910 1298 992 1358 ‘ara
1006 1293 1138 1360 letitiae
1150 1291 1182 1373 ;'
1203 1313 1270 1379 quo
1284 1296 1333 1358 ni-

236 1397 358 1460 mirum
372 1398 504 1460 sincera
519 1397 618 1461 bonae
640 1394 792 1478 conjugis
811 1394 853 1458 de
872 1395 1027 1459 maritoa
1044 1393 1158 1459 Nerva
1173 1395 1334 1477 adoptato

236 1496 356 1562 laetitia
378 1497 631 1578 significaretur.
677 1495 784 1560 Extat
806 1496 886 1561 item
908 1516 1064 1560 nummus
1087 1496 1169 1560 alter
1191 1497 1334 1562 Plotiuae

239 1618 308 1663 urae
323 1599 554 1663 incumbentia
598 1597 746 1676 Titulus,
762 1602 771 1632 ‘
788 1617 847 1664 ara
861 1597 1038 1682 pudicitiae
1049 1595 1079 1676 3'
1101 1618 1171 1681 quo
1186 1598 1259 1680 ejus
1274 1619 1334 1682 pu-

135 1703 140 1712 '
239 1699 353 1762 dicitia
369 1699 661 1764 commendaretur.
707 1699 774 1764 His
790 1705 824 1763 et
838 1700 915 1764 aliis
928 1699 1105 1764 virtutibus
1119 1700 1336 1764 ‘incredibile

239 1799 330 1863 dictu
345 1801 422 1878 est,’
436 1801 546 1883 inquit
565 1799 684 1865 Victor
706 1801 742 1865 in
764 1800 893 1866 Juliaui
914 1799 1012 1878 Vita,
1037 1804 1187 1885 ‘quanto
1203 1801 1337 1866 auxerit

240 1901 378 1984 gloriam
392 1901 547 1986 Trajani3
570 1901 667 1985 cujus
682 1911 913 1986 procuratores
932 1920 1010 1966 cum
1025 1903 1217 1984 provincias
1233 1921 1336 1968 vexa-

240 2011 325 2080 rent,
341 2004 400 2067 illa
415 2003 588 2086 conjugem
603 2005 786 2088 corripuit3
809 2011 911 2088 atque
925 2005 1103 2088 increpans
1121 2004 1211 2087 quod
1226 2004 1337 2092 laudis

243 2114 337 2168 esset
349 2107 549 2183 incuriosus,
572 2106 674 2170 talem
701 2106 854 2182 reddidit,
869 2114 907 2171 ut
929 2113 1049 2191 postea
1066 2107 1264 2171 exactiones
1277 2108 1337 2172 iru-

242 2207 391 2291 probans
405 2213 439 2269 et
454 2208 635 2285 detestans,
650 2206 769 2271 fiscum
787 2208 906 2272 lienem
927 2215 1074 2283 vocaret,
1088 2207 1178 2291 quod
1194 2229 1235 2273 eo
1250 2228 1338 2274 cres-

242 2318 338 2372 cente
364 2315 459 2372 artus
488 2308 610 2391 reliqui
638 2307 833 2373 tabescunt!
877 2308 1006 2396 Nullos¹
1033 2309 1168 2394 quidem
1191 2309 1338 2392 Trojano

241 2411 364 2474 liberos
379 2412 510 2493 peperit
524 2410 672 2487 Plotina,
688 2409 747 2475 sed
762 2430 995 2475 successorem
1009 2411 1076 2495 ipsi
1091 2410 1249 2495 providit,
1266 2408 1338 2476 Ha-

244 2513 415 2592 drianu1n3
438 2533 459 2576 a
475 2532 541 2596 quo
552 2512 677 2577 deinde
692 2518 889 2578 consecrata
900 2520 961 2578 est.

289 2615 390 2679 Soror
410 2615 547 2699 Trajani
562 2615 628 2680 suit
650 2614 838 2692 Marciana,
862 2615 892 2679 si
907 2616 1073 2694 ,Tristano
1089 2615 1270 2693 credimus,
1291 2613 1342 2679 Μ.

244 2715 327 2786 Julii
343 2717 499 2785 Montani
522 2737 625 2794 uxor,
646 2722 717 2782 tum
741 2737 817 2782 cum
841 2716 1006 2800 Trajenus
1027 2718 1210 2799 imperator
1229 2717 1342 2782 suctus

245 2827 307 2895 est,
322 2818 395 2900 jam
419 2820 534 2899 vidua,
557 2839 664 2902 eoque
689 2820 812 2882 senior.
858 2817 973 2897 Quare
987 2817 1028 2885 de
1041 2818 1139 2883 novis
1154 2817 1282 2900 nuptiis
1297 2817 1342 2880 ab
1461 2841 1463 2849 ⁴

246 2937 289 2981 eo
302 2927 450 3000 tempore
465 2938 531 2982 non
543 2919 716 3000 cogitavit.
761 2918 842 2985 Fuit
856 2920 945 2992 illius
956 2918 1108 2984 Matidiae
1118 2925 1233 2995 mater,
1245 2917 1343 3006 cujus

245 3019 317 3088 filia
343 3019 470 3086 Sabina
494 3019 671 3086 Hadriano
692 3021 888 3106 imperatori
911 3021 1039 3106 conjux
1063 3041 1085 3088 a
1108 3022 1242 3086 Plotina
1264 3021 1345 3094 data

247 3129 309 3187 est.
354 3123 450 3190 Obiit
465 3123 642 3190 Marciana
657 3130 735 3188 unte
758 3132 894 3188 sextum
916 3123 1053 3208 Trajani
1067 3124 1293 3202 consulatum,
1308 3129 1345 3188 ut

247 3251 292 3296 ex
306 3228 430 3292 tomice
446 3228 660 3294 Anconitano
682 3232 836 3294 constat:
860 3227 902 3291 de
919 3227 1016 3315 cujus
1032 3227 1164 3294 nomine
1177 3225 1345 3308 Trajanus

246 3320 533 3415 Marcianopolim
562 3329 696 3395 Moesiae
721 3329 838 3420 urbem
865 3327 1059 3412 appellavit.
1103 3326 1274 3393 Ammian.
1286 3327 1345 3406 lib.

250 3431 551 3498 xxvrr.Jornand.
568 3449 597 3495 c.
613 3430 667 3494 16.
698 3428 815 3493 Eidem
829 3430 1139 3513 proconsuctudine
1151 3427 1346 3494 Marciana-

247 3535 300 3600 les
321 3533 500 3598 flaminicae
526 3532 702 3598 institutae.
747 3531 944 3614 Utriusque,
964 3529 1109 3596 Plotinae
1136 3531 1292 3596 nimirum
1314 3532 1346 3593 et

250 3636 449 3712 Marcianas,
462 3633 651 3711 candorem,
664 3633 890 3712 concordium,
903 3633 1126 3717 prudentiam,
1135 3641 1169 3699 et
1180 3633 1215 3700 in
1227 3631 1345 3715 depre-

250 3741 357 3806 cando
380 3739 544 3822 Augustae
570 3736 713 3815 nomine,
738 3736 896 3820 quamdiu
916 3734 1083 3818 Trajanus
1107 3734 1211 3818 patris
1226 3733 1346 3816 patriae

250 3842 510 3928 appellationem
525 3839 704 3918 recusavit,
719 3838 921 3906 modestiam
940 3837 1058 3902 laudat
1074 3836 1208 3902 Plinius
1223 3834 1349 3918 Paneg.

251 3966 327 4029 cap.
347 3959 516 4008 cxxxrv.

294 4047 432 4130 Trajani
457 4064 536 4109 vero
559 4047 697 4127 patrem,
725 4041 789 4108 etsi
813 4046 885 4114 ‘ex
907 4041 1035 4106 familia
1062 4039 1170 4124 magis
1199 4039 1349 4122 antiqua,

253 4167 355 4238 quam
371 4149 461 4213 clara
475 4144 602 4214 ortum'
626 4145 674 4211 ait
689 4143 887 4234 Eutropius,
901 4163 1010 4227 neque
1026 4143 1095 4211 ulla
1110 4143 1144 4207 in
1160 4141 1260 4213 fastis
1277 4140 1350 4226 ojus
