3050 4842
501 370 552 419 au
577 369 857 418 ranncrnrcnu
884 369 1018 418 unium.
1239 355 1303 420 427

211 513 281 562 Plin.
293 513 378 576 Epist.
388 523 428 560 rx.
438 514 480 560 12.
489 523 580 562 rocem
591 508 779 574 ‘prebentem'
788 516 816 558 et
827 516 834 539 ⁸
844 517 1004 572 preeuntem
1015 509 1034 572 3¹
1043 509 1107 560 item
1116 509 1143 560 iu
1152 508 1209 560 aliis
1219 525 1306 562 esem·

212 590 338 655 pleribus,
358 591 443 655 Epist.
456 602 485 641 x.
497 595 540 641 60.
554 592 563 628 l
575 588 742 653 praeiriurns'
759 595 787 638 et
804 589 995 652 ‘prebuimus'
1016 587 1176 638 confudisse.
1208 590 1305 640 Verum

213 671 346 721 enimvero
357 672 467 722 necdum
478 671 623 720 deserimus
633 669 805 720 vadimonium
816 670 845 718 in
853 666 1020 719 defendendo
1037 668 1118 718 verbo
1128 669 1240 732 proebss't.
1273 669 1307 718 Id

212 751 283 804 enisu
304 765 392 800 οιιιιι
410 750 509 800 residui
527 750 632 799 cedices
655 751 724 800 Mes.
743 749 855 813 librique
875 748 964 799 collati
983 747 1115 811 exhibent,
1135 761 1222 810 neque
1240 749 1307 798 ullus

213 830 301 880 ediles
312 831 389 894 hujus
401 829 557 894 Panegyrict
568 829 703 887 indicarit,
720 843 748 879 se
761 841 868 893 nsquam
880 829 905 878 in
917 828 1002 892 aliquo
1020 827 1110 878 codice
1123 829 1222 889 scripto
1237 827 1309 877 alind

214 909 322 959 verbum
342 908 379 958 ibi
401 909 541 958 inuenisse.
581 909 693 972 Primus,
711 914 834 972 qnantum
855 907 979 972 indagare
1000 907 1081 970 potui,
1109 905 1244 970 Grypbins
1263 907 1310 957 bas

215 1002 301 1044 roceo.
316 988 392 1038 dursti
407 989 499 1052 praeiit,
514 988 541 1036 in
558 989 675 1051 margine
695 989 818 1038 editionis
836 1003 889 1038 suas
909 1003 952 1036 an.
972 991 1047 1036 luel.
1066 987 1221 1047 annotaritq
1239 986 1310 1036 etin

215 1069 299 1117 altera
309 1067 424 1116 aditione
436 1071 562 1118 ιιι.1ιι42.
574 1067 743 1131 participium
753 1067 858 1131 quidem
867 1067 952 1122 alasii,
972 1079 1135 1130 nequaqnam
1153 1072 1311 1126 tamen-ser·

215 1148 276 1197 bum
289 1147 397 1210 preivit,
408 1147 524 1210 recepta,
547 1145 588 1195 Ac
598 1147 662 1198 licet
673 1146 797 1208 deinceps
813 1146 894 1196 etiam
911 1145 947 1195 Η.
958 1145 1115 1210 Staplrauns,
1130 1143 1231 1207 Minoi,
1240 1144 1311 1193 Rivi-

215 1240 274 1287 nus‚
291 1233 320 1275 ct
332 1227 385 1277 'l'b.v
396 1225 513 1281 Hesrne,
524 1226 551 1276 in
567 1226 711 1276 editionum
729 1241 833 1276 suarum
851 1239 906 1288 ora,
922 1232 1044 1290 tanquam
1060 1224 1200 1274 lectionem
1212 1223 1311 1274 variam·

217 1311 280 1362 tem,
298 1307 446 1356 munierint
466 1307 543 1356 aaut
561 1307 663 1370 praeiitr
679 1306 737 1357 haec
760 1312 848 1356 tamen
868 1305 950 1356 rerba
970 1306 997 1354 in
1019 1309 1170 1354 contextum
1190 1304 1312 1353 orationis

218 1385 356 1436 admittere
366 1385 479 1438 noudnrn
489 1387 545 1436 ausi
562 1393 631 1443 aunt,
642 1386 711 1436 baud
722 1386 832 1436 obscuro
844 1385 948 1440 indicio.
958 1399 991 1434 ea
1006 1398 1056 1434 non
1071 1390 1124 1432 tam
1136 1383 1162 1432 in
1178 1382 1312 1432 codicibus

218 1465 282 1516 Μιι.
302 1466 391 1529 probas
405 1473 477 1516 notae
498 1473 612 1530 reperte,
623 1479 701 1530 quam
719 1467 753 1516 ab
771 1466 804 1516 iis
823 1466 868 1530 qui
887 1466 993 1515 verbum
1007 1463 1096 1529 preire
1113 1463 1141 1512 iu
1158 1477 1189 1512 ea
1204 1463 1314 1513 materia

219 1543 380 1610 frequentius
401 1545 471 1610 apud
491 1545 554 1596 alios
573 1546 713 1610 scriptores
726 1550 829 1595 veteres
846 1545 1026 1605 observarant,
1045 1541 1138 1606 partim
1158 1557 1191 1592 ex
1210 1542 1314 1605 ingenio

220 1625 324 1688 prodita
342 1625 432 1676 fuisse.
464 1625 665 1677 Quis-ediderit
686 1625 841 1690 Autrerpiae
858 1641 900 1675 au.
922 1627 996 1676 luta.
1018 1623 1315 1688 PanegyricnmPliuii,

219 1705 294 1768 eujus
305 1707 422 1755 meminit
431 1706 574 1768 Livineius,
584 1715 612 1755 et
628 1720 689 1756 num
705 1706 792 1768 editur
809 1707 877 1756 illins
892 1719 925 1754 ιιι
936 1705 1093 1756 auctoritate
1108 1703 1218 1766 alicsrjns
1229 1708 1322 1762 retusa

221 1785 293 1836 ticria
311 1785 424 1850 libri‚·an
442 1799 476 1836 ea
493 1799 541 1836 ana
552 1786 711 1850 aliorumque
721 1787 882 1850 conjectura,
893 1786 934 1834 rel
950 1784 1083 1834 annotarit
1098 1784 1124 1832 iu
1137 1783 1263 1846 margine,
1275 1783 1332 1832 ral—

220 1865 353 1928 receperit
373 1865 400 1915 iu
421 1872 573 1916 contextum
596 1866 704 1920 verbum
719 1867 820 1929 proeiit5
846 1865 908 1914 nibil
925 1865 1058 1922 habemns,
1074 1865 1143 1929 qood
1161 1863 1202 1912 vel
1218 1861 1317 1924 liquido

221 1941 387 2006 affirmemus,
407 1947 448 1994 rel
470 1959 594 2008 negemus
615 1945 833 2010 refellamusqn03
867 1959 927 1996 cnm
948 1945 1022 1994 uobis
1045 1943 1156 1994 noudum
1176 1941 1318 2006 contigerit

222 2025 339 2078 incidere
362 2023 389 2072 in
409 2023 479 2072 illam
495 2025 578 2086 ipsam
598 2022 759 2073 editionem·
785 2025 846 2074 Nee
865 2038 944 2086 porro
966 2030 1017 2080 est,
1039 2038 1086 2073 cur
1106 2030 1236 2086 putemus,
1258 2035 1317 2072 eum

222 2105 306 2174 miuus
319 2103 413 2152 Latine
431 2103 629 2166 luculenterque
640 2103 691 2152 dici
703 2102 835 2166 ‘prebere
853 2103 928 2152 alieni
939 2101 1141 2166 jusjurandum?
1158 2103 1202 2166 qni
1216 2101 1319 2166 juranti

223 2183 309 2246 pair,
330 2183 349 2231 i.
360 2195 384 2231 e.
402 2182 517 2246 suggerit
534 2196 565 2232 aa
583 2181 735 2246 suppeditet
750 2181 837 2237 verba,
847 2196 913 2246 que.
923 2182 965 2232 bic
980 2182 1162 2247 subsequatur,
1173 2187 1201 2231 et
1216 2180 1318 2231 reddat·

224 2262 314 2324 Certe,
329 2261 437 2312 verbum
456 2262 572 2325 praebere,
590 2261 629 2312 nti
650 2261 794 2326 generatim
813 2268 888 2312 notat
904 2261 1111 2326 ‘suppeditata’
1131 2268 1290 2326 ‘suggerere
1302 2261 1320 2322 ι’

225 2342 263 2392 ιιι
280 2342 337 2392 (lic.
353 2341 380 2390 in
391 2340 468 2394 Verr.
479 2355 507 2390 r.
519 2344 562 2390 ts.
581 2341 658 2404 dixit,
673 2343 765 2392 'retati
782 2341 890 2392 lubrice
904 2343 1025 2406 exempla
1037 2341 1162 2408 nequitiae
1174 2342 1292 2406 praebere
1302 2333 1320 2391 'a’

226 2428 253 2470 et
270 2421 296 2470 in
314 2421 399 2470 Bruto
410 2433 468 2484 cap·
485 2434 562 2470 unx.
580 2422 695 2485 ‘copiam
706 2421 844 2472 verborum
856 2420 975 2484 prebere
987 2418 1102 2485 populo:
1111 2425 1163 2470 ιιι.
1195 2420 1236 2471 Ac
1248 2434 1321 2482 sane,

227 2501 249 2549 si
266 2500 344 2549 Orid.
361 2499 420 2548 Art.
440 2498 501 2549 Am.
519 2512 539 2548 ι.
557 2503 614 2549 112.
633 2499 709 2563 dixit,
726 2500 835 2550 ‘rudem
853 2501 990 2564 prebente
1010 2500 1113 2550 modum
1132 2499 1195 2564 (ie.
1206 2499 1321 2550 modula·

227 2578 336 2642 tionem)
354 2577 460 2628 tibicine
475 2577 590 2640 Tbnseo,
606 2578 703 2628 Ludius
715 2577 746 2644 (i.
758 2593 782 2628 e.
800 2579 891 2630 histrio
901 2595 934 2628 ex
950 2577 1183 2642 ssnaciaaccitns)
1197 2588 1323 2643 aequatam

227 2667 270 2710 ter
281 2658 348 2722 pede
358 2659 445 2721 pulsat
456 2657 559 2708 bornum
569 2656 589 2719 ς’
604 2658 672 2708 band
684 2659 771 2716 siden,
781 2673 829 2710 cur
840 2673 888 2709 nee
900 2659 1001 2710 Plinius
1011 2659 1098 2710 dicere
1110 2660 1237 2723 potuerit,
1246 2666 1322 2708 ‘cnu-

229 2741 284 2789 snle
296 2736 449 2802 praebente,’
460 2737 476 2787 i.
494 2751 518 2786 e.
534 2737 720 2801 suppeditante
731 2744 759 2787 et
776 2737 997 2794 accommodante,
1007 2736 1221 2802 ‘jusjurandum'
1231 2737 1324 2801 Traja-

229 2833 277 2868 ιιι
290 2819 400 2883 jurarit.
433 2815 528 2866 Amant
539 2817 643 2883 quidem
659 2817 819 2880 potissimum
830 2817 948 2868 historici
966 2819 992 2868 in
1011 2817 1162 2869 enarrandis
1173 2817 1250 2868 rebus
1262 2819 1323 2868 reti·

229 2911 293 2948 nere
309 2897 390 2946 rerba
405 2896 538 2957 solennio3
555 2904 583 2947 at
605 2897 690 2960 pnite
710 2913 828 2948 versuum
845 2899 947 2962 legibus
969 2899 1078 2962 alligati,
1092 2905 1120 2948 et
1140 2898 1323 2963 panegyristae,

231 2980 368 3030 verborum
387 2979 490 3042 copiam
510 2992 540 3029 ac
557 2979 710 3030 varietatem
727 2986 872 3042 sectantes,
889 2995 920 3030 ca
939 2978 1080 3031 identidem
1096 2986 1255 3033 commutant
1266 2993 1324 3029 cnm

231 3061 297 3110 aliis.
331 3059 417 3108 Nihilo
437 3059 519 3108 miuus
538 3068 567 3110 ιι
586 3061 642 3123 ipse
659 3060 758 3118 Livius,
770 3061 814 3124 qni
836 3061 899 3110 alias
916 3061 942 3108 iu
960 3060 1009 3110 bac
1027 3074 1057 3110 re
1074 3058 1227 3124 frequenter
1243 3059 1325 3109 utitur

232 3140 330 3189 rerbn‘
344 3137 453 3202 praeire,'
464 3138 603 3202 aliquando
616 3146 703 3188 tamen
714 3155 761 3202 pro
774 3155 806 3188 eo
817 3140 905 3203 posuit
916 3139 1025 3189 verbnm
1042 3141 1050 3168 ⁶
1063 3137 1167 3202 prefati
1178 3141 1193 3200 ι’
1212 3144 1240 3188 ut
1252 3139 1326 3189 intel·

232 3219 350 3283 ligemus,
363 3232 415 3267 uun
433 3231 541 3268 necasse
553 3231 621 3282 asse,
630 3217 723 3282 ubique
735 3218 826 3269 eodem
837 3219 875 3268 nti
893 3219 974 3268 verbo
985 3218 1093 3268 solenni.
1124 3219 1166 3268 Sic
1177 3219 1244 3268 enirn
1262 3220 1326 3282 legl-

233 3314 288 3348 mus
307 3299 374 3361 apud
386 3297 444 3346 Lis.
460 3309 488 3346 v.
498 3302 524 3348 4.
541 3299 632 3354 ‘Sunt,
643 3298 687 3362 qni
699 3299 737 3347 Μ.
754 3299 845 3361 Fabio,
859 3297 980 3361 pontifice
996 3298 1116 3359 marimo,
1133 3296 1258 3361 praefante
1270 3313 1326 3348 car·

232 3393 302 3434 men,
314 3369 450 3427 devovisse
468 3391 512 3426 eos
533 3390 561 3426 se
577 3391 624 3440 pro
638 3377 725 3439 patria
735 3377 934 3442 Quiritibusque
946 3377 1075 3439 Romanis,
1091 3375 1214 3428 tradant?
1245 3377 1288 3428 Ita
1299 3386 1328 3428 et

235 3457 376 3508 Eumenius
395 3470 443 3520 pro
462 3456 583 3505 Restaur.
602 3456 690 3506 Schul.
708 3457 890 3520 cap.10.‘1bi
912 3457 1089 3510 adolescentes
1110 3458 1200 3523 optimi
1218 3459 1330 3520 discant,

234 3537 308 3587 nobis
320 3536 394 3600 qnasi
413 3535 519 3586 solenus
535 3549 638 3586 carmen
651 3535 832 3599 punientibus,
843 3539 1010 3588 maximorum
1023 3539 1167 3602 principum
1179 3537 1251 3586 facta
1261 3539 1329 3587 cele·

235 3615 331 3667 brera'
365 3615 470 3666 Annon
485 3623 512 3666 et
530 3617 669 3668 Eumenius
685 3617 728 3667 bic
745 3631 792 3680 pro
808 3619 907 3668 solenni
920 3618 999 3668 verbo
1010 3616 1136 3681 ‘praeire’
1152 3619 1207 3668 aine
1219 3619 1290 3673 vitio.
1302 3619 1330 3669 iu

235 3696 352 3746 oratioue
364 3694 501 3744 substituit
517 3695 622 3745 verbum
638 3698 646 3724 ‘
660 3694 764 3758 prefati
773 3693 792 3744 i'
823 3697 866 3744 Ita
882 3697 929 3746 Sil.
939 3696 1000 3746 Ital.
1012 3708 1040 3745 x.
1054 3699 1112 3746 448.
1126 3709 1185 3744 curu
1202 3705 1328 3755 narraret,

235 3776 331 3826 milites
359 3773 460 3839 jdrasse
484 3778 683 3837 sacramentum,
705 3773 773 3837 quod
796 3774 928 3836 proeiverit
954 3773 1052 3839 Scipio,
1074 3774 1120 3835 ait,
1139 3773 1331 3839 6Οιιιιιὶιιιιιιι
1395 3804 1402 3818 ·

238 3856 335 3906 animas
347 3855 450 3918 patrie,
458 3853 610 3918 dictataque
617 3853 710 3916 jurant
719 3853 891 3902 Sacramenta
901 3854 984 3904 Dcis.’
999 3854 1123 3904 Similiter
1132 3855 1251 3905 Valerius
1259 3857 1331 3907 Flse.

237 3948 282 3984 cns
300 3933 363 3997 Arg.
374 3947 394 3982 ι.
409 3938 468 3983 nst.
484 3932 565 3994 cauit,
581 3932 697 3982 ‘miseris
712 3933 795 3984 dictat
814 3933 858 3997 pia
878 3939 939 3983 rota
955 3934 1093 3986 sacerdos.’
1124 3936 1176 3986 Ubi
1193 3937 1330 3988 historiens

239 4029 287 4078 pro
299 4013 378 4064 aerbo
386 4015 394 4042 ⁸
402 4012 504 4074 dictat‚'
517 4012 597 4061 verbo
605 4013 703 4062 solenni
711 4014 719 4041 ⁸
728 4013 822 4078 praeit’
832 4014 961 4066 lubentius
970 4029 1062 4065 ιιιιιιιιι
1071 4014 1173 4066 fnisset.
1188 4017 1197 4045 ‘
1210 4017 1331 4068 Dictare!

205 4159 211 4168 ·
240 4095 308 4144 enirn
320 4095 423 4157 proprie
438 4099 488 4157 ιιι,
499 4083 510 4121 “’
519 4091 669 4158 frequenter
680 4094 768 4145 dicere
777 4102 805 4144 et
816 4087 906 4145 crebro
918 4108 1035 4145 sermone
1047 4095 1196 4159 divulgare:
1228 4099 1331 4148 lleinde

240 4180 289 4234 est,
298 4180 307 4203 ⁸
315 4171 412 4233 dicere,
420 4172 490 4236 quod
501 4174 569 4222 alter
579 4173 695 4224 scribens
706 4176 830 4238 excipiat,
841 4183 868 4224 ιι
881 4189 959 4226 manc
969 4177 1089 4240 styloque
1100 4183 1175 4227 notet
1184 4176 1202 4238 ;'
1219 4193 1249 4228 sc
1260 4180 1331 4240 sigil-

241 4255 312 4307 latim
332 4267 372 4310 aa,
388 4266 446 4316 qnae
464 4251 638 4318 ludimagistri
653 4253 787 4328 dictabant
804 4255 1053 4332 puerispandierunt
1070 4256 1209 4309 ‘dictata'
1241 4257 1338 4308 Nihilo.
