3088 4848
561 402 845 456 rsussunreus.
878 407 910 454 r.
931 393 986 456 52.
1233 393 1315 489 ν967

216 553 376 616 Auxeras
392 551 478 614 euim
493 569 664 614 numerum
678 551 751 635 ejus
767 551 929 634 congiarii
947 549 1119 628 facilitate,
1134 552 1313 636 majorem·

217 673 285 738 qua
299 655 332 717 in
348 662 518 737 posterum
533 653 663 735 suscipi
678 652 892 722 liberalitatis
904 662 972 718 tuae
987 652 1052 716 fide
1061 651 1226 734 jusseras.
1304 691 1307 698 ·

250 755 341 820 Gur.
357 771 422 818 err.
443 755 475 817 1.
488 754 619 818 Horum
630 773 732 818 uuum
744 755 772 817 si
785 755 1002 836 praestitisset
1013 755 1111 831 alius,
1123 753 1173 816 illi
1180 754 1313 836 jamdua

217 857 297 920 dum
306 857 494 922 radiatum·
505 863 620 939 caput,
630 863 667 920 et
677 857 789 921 media
799 858 882 924 iuter
892 858 987 922 Deos
999 855 1118 920 sodesl
1133 865 1233 921 auro⁸
1246 865 1314 920 sta·

216 965 277 1035 ret,
292 967 350 1025 aut
364 957 491 1035 ebore?
506 959 821 1042 augustioribusque
833 959 911 1037 aris,
926 971 961 1024 et
975 959 1204 1042 grandioribus
1218 958 1315 1024 vieti·

218 1057 302 1124 rnis‘¹
312 1062 533 1126 invocaretur.
547 1059 601 1124 Tu
612 1061 751 1124 delubra
761 1079 828 1124 non
839 1062 903 1124 nisi
914 1061 1131 1126 adoraturus‘
1140 1061 1260 1124 intras:
1274 1059 1315 1126 ti·

217 1159 256 1225 bi¹
265 1165 434 1226 maximus
447 1163 554 1227 honor
567 1157 756 1225 excubares
769 1180 830 1244 pro
841 1163 985 1245 templis,
994 1163 1216 1245 postibusque
1229 1179 1314 1244 prae-

219 1259 300 1327 texi.
344 1265 403 1329 stu
420 1265 469 1342 fir,
482 1273 523 1327 nt
539 1265 605 1327 Dei
623 1283 787 1326 summurn
803 1263 888 1326 inter
902 1263 1053 1328 homines
1064 1263 1231 1344 fastigium
1249 1282 1316 1326 ser-

219 1361 308 1444 vent,
322 1385 400 1431 oum
418 1368 565 1432 Deorum
578 1366 655 1449 ipse
669 1383 736 1428 non
750 1364 799 1430 sis
814 1363 988 1447 adeptusr
1029 1365 1062 1428 2.
1086 1363 1316 1448 Itaquatuam

223 1603 229 1620 ι
249 1529 261 1563 ⁶
276 1531 374 1582 Medius
383 1511 447 1582 ister
459 1533 524 1584 Deos
534 1533 624 1582 rederet
635 1531 661 1582 ia
673 1547 731 1582 auro
741 1533 778 1582 uel
788 1532 865 1582 ebore

676 1676 707 1698 Ν
710 1676 861 1696 OOWNOO

218 1775 298 1842 millia
309 1775 434 1836 tororum,
444 1774 536 1838 quibus
546 1783 637 1838 postes
649 1791 723 1840 pane
736 1777 842 1840 dirplnur
854 1775 980 1826 additum.
996 1776 1132 1840 ,Traianae
1140 1772 1318 1835 inscripserat,

219 1841 341 1953 restttrgo
354 1841 439 1902 Circo,
450 1855 479 1890 se
498 1837 650 1904 perfeiisse,
669 1851 698 1890 nt
715 1841 758 1890 hia
777 1843 874 1905 populo
892 1839 1031 1891 sufficeret.
1065 1840 1115 1888 Diu
1134 1840 1180 1888 lib.
1197 1851 1274 1886 uvrrr.
1291 1852 1318 1901 p.

218 1903 286 1953 iii!
329 1905 399 1964 ierig.
688 1925 700 1962 .·
1277 1931 1283 1944 ·

252 1970 320 2017 Car.
340 1983 390 2019 un.
424 1972 437 2016 1
456 1968 556 2018 Omnes
567 1968 643 2019 codd.
656 1985 699 2034 ep.
710 1970 837 2020 Saburra.
848 1970 989 2030 jamdudum
1000 1968 1048 2017 illi.
1081 1967 1135 2016 Pro
1146 1966 1184 2014 illl
1196 1963 1315 2014 Beroald.

219 2031 293 2082 dedit
303 2033 384 2090 idem
402 2033 495 2082 Catan.
503 2034 588 2082 adem.
621 2035 779 2097 Mox‚·co‹ld.
791 2035 878 2084 Paris.
890 2035 997 2084 Veneti.
1011 2038 1033 2082 l.
1045 2036 1069 2082 2.
1080 2030 1172 2080 Selisb.
1184 2030 1244 2078 edd.
1256 2027 1318 2082 Ald.

219 2099 287 2148 Nau.
298 2097 355 2146 Etr.
367 2096 458 2148 Kircb.
475 2104 503 2149 et
519 2098 614 2146 Cellar.
629 2099 849 2164 augustinumque
865 2099 924 2149 uris.
958 2098 1042 2147 Paulo
1059 2103 1129 2158 post,
1146 2093 1205 2144 cod.
1224 2095 1317 2144 l'atan

212 2161 342 2222 fastigium
352 2175 440 2213 aarum
461 2163 601 2212 ‘Schwaru
613 2161 738 2214 Arntsen.
750 2171 822 2214 etex
835 2163 996 2226 partaetiam
1008 2163 1120 2212 Gesner.
1132 2161 1319 2222 expresserunt

218 2227 356 2274 lectionem
369 2226 505 2278 multorum
516 2225 593 2278 codd.
609 2231 637 2276 nt
646 2227 696 2277 net
704 2243 819 2278 summum
829 2229 894 2279 irater
904 2227 1145 2288 lomimssustigium
1153 2229 1256 2280 rement,
1265 2237 1318 2272 cnm

219 2291 323 2340 Deorum
332 2290 383 2353 ipse
395 2306 441 2340 uon
451 2292 485 2340 ris
495 2292 603 2354 adeptus.
637 2293 764 2357 Equidem
777 2293 862 2344 delevi
873 2293 931 2350 Dei,
940 2292 1034 2341 deinde
1045 2305 1122 2341 sones
1133 2288 1221 2352 recepi
1232 2303 1247 2337 e
1259 2289 1317 2336 cod.

220 2353 339 2412 Patruus
357 2358 471 2418 margine
489 2357 606 2406 erenan.
624 2370 638 2404 e
656 2358 726 2422 oonj.
744 2357 836 2422 Lipsii,
848 2366 875 2408 et
887 2373 920 2406 ex
933 2357 993 2406 edd.
1003 2356 1165 2420 quibusdam.
1198 2352 1318 2417 Denique

219 2418 341 2482 adoptavi
358 2426 455 2484 appetas
472 2435 485 2469 e
503 2421 570 2484 conj.
589 2421 673 2471 Lirin.
688 2437 767 2486 qnam
785 2423 863 2472 etiam
881 2423 962 2472 Geso·
979 2420 1118 2486 expressit.
1153 2417 1227 2466 ldenr
1248 2431 1317 2468 nunc

219 2483 283 2534 dicit
295 2483 365 2534 Ptin.
375 2485 444 2552 qnod
457 2498 515 2549 cap.
525 2489 553 2536 t.
568 2491 575 2513 ¹
588 2484 809 2544 videaris'lluet,’
825 2484 886 2536 &e.'
912 2485 1009 2556 θέσις.
1041 2484 1108 2532 Vide
1122 2481 1198 2532 Noti.
1209 2481 1320 2533 Varn-

219 2746 248 2789 ut
268 2737 306 2788 sit
323 2737 432 2796 Pliuins,
442 2736 555 2788 ducenta
566 2737 713 2806 sexaginta,
724 2747 751 2790 rt
790 2755 842 2790 uon
864 2739 915 2790 uisl
937 2753 1028 2788 aureas
1048 2746 1076 2788 et
1099 2742 1236 2799 argenteas
1259 2734 1320 2800 paui

219 2823 322 2878 postea,
333 2823 361 2862 nt
378 2814 415 2862 ait
433 2815 533 2870 vietor,
550 2825 667 2865 trecenta
678 2822 749 2866 usto·
789 2817 917 2881 permisit,
929 2832 960 2867 ue
972 2817 1037 2866 uerti
1052 2812 1195 2881 ponderis!
1210 2813 1282 2862 Suet.
1294 2813 1320 2860 in

219 2893 292 2956 ginta
312 2890 426 2956 quinque
442 2893 557 2940 locorum
578 2893 658 2942 nrrttis
680 2909 749 2943 nom·
789 2893 958 2960 Domibeap.
972 2897 1013 2943 13.

219 2971 402 3033 plectentium
421 2985 497 3034 quum
514 2972 749 3036 minutus,ntLip-
790 2967 793 2974 ’
821 2968 1027 3020 l'tr'rrrrrtdr'oridur
1054 2967 1169 3030 victimis]
1201 2966 1319 3030 Majores

218 3046 271 3093 sius
294 3050 378 3098 notat,
394 3045 439 3094 ille
456 3047 570 3094 locorum
586 3047 748 3108 adjectorum
790 3045 904 3094 victimae
924 3045 1087 3101 dicebamur,
1104 3059 1163 3108 *qum
1182 3042 1320 3106 majoribus

219 3121 354 3171 numerusl
367 3129 396 3170 ut
409 3126 547 3184 tantopere
557 3123 678 3171 landetur
687 3123 749 3172 {li-a·
787 3121 847 3170 Diis
865 3122 1098 3178 eonseorsbarrtnr;
1119 3119 1242 3178 minores,
1262 3127 1319 3180 qno

214 3199 273 3261 jani
294 3195 493 3261 magnificentia.
526 3195 564 3245 Eo
582 3195 614 3245 fit
631 3205 659 3246 ut
679 3199 748 3260 qa'a·
790 3198 846 3246 Diis
859 3197 1007 3246 minoribns.
1023 3196 1255 3260 ‘blrjoreuntem
1267 3193 1320 3242 rie·

219 3273 333 3336 gaugirrtu
353 3273 429 3321 mittin
454 3271 589 3334 legendum
609 3280 686 3336 putet
703 3286 749 3335 pro
790 3273 861 3322 timae
872 3279 947 3323 erant
957 3273 1038 3321 bores
1050 3271 1101 3320 sibi
1118 3270 1219 3320 auratis
1234 3271 1319 3320 curni-

218 3351 318 3413 'qubrpns
336 3349 419 3398 mittin.
452 3347 535 3410 Reae,
552 3361 584 3396 an
601 3361 685 3406 secus,
703 3347 749 3398 alii
791 3348 856 3398 bns!
873 3348 1015 3399 Albenses
1030 3347 1074 3398 tib.
1085 3361 1126 3398 rr.
1309 3372 1313 3378 ¹

220 3427 341 3476 ¹viderint.
820 3431 832 3460 t
843 3425 1005 3490 Adorutnrus]
1021 3425 1155 3490 Nunquam
1165 3425 1324 3488 adorandus,

224 3497 227 3508 '
253 3501 425 3566 ⁸lindiutnm]
443 3499 531 3550 Rasilis
547 3501 669 3566 sinotum,
688 3513 749 3566 qno·
788 3502 951 3566 ntcslignla
962 3510 989 3551 st
1002 3501 1173 3552 Donrltlanns.

219 3577 297 3626 modo
315 3579 511 3628 nuuc·soelites
532 3579 671 3642 pingimus.
705 3579 750 3628 Sic
788 3594 791 3610 ·
825 3577 984 3640 ῑΕιιιιῠανε]
1016 3579 1122 3628 Priores
1144 3579 1319 3643 *lnrperntarss

220 3655 288 3704 enim
300 3661 390 3704 vetera
407 3653 561 3702 numismata
574 3653 648 3702 nobis
660 3668 749 3704 sunse-
788 3659 889 3704 statuas
907 3669 966 3704 suas
985 3656 1097 3719 superbe
1116 3655 1141 3704 iu
1155 3657 1258 3718 templis
1268 3657 1320 3704 col·

219 3737 307 3778 orator
317 3730 488 3791 'imperatores
498 3729 632 3777 extribent.
786 3731 919 3780 locabant:
938 3731 1062 3796 Trajanus
1082 3740 1153 3790 vero,
1170 3744 1218 3791 pro
1234 3729 1319 3778 suain

221 3807 226 3828 ⁴
250 3803 365 3867 escun]
388 3803 493 3867 tupiter
511 3803 579 3852 enirn
596 3803 698 3863 itidem,
720 3809 747 3852 et
787 3803 860 3854 Deos
872 3807 1029 3866 reverentia,
1047 3804 1074 3853 ln
1092 3805 1321 3866 templorrmtan·

219 3881 263 3934 alii
281 3879 404 3943 majorum
427 3879 541 3943 gentium
559 3877 601 3926 Dii
618 3877 747 3928 interdum
793 3887 847 3929 turn
859 3880 997 3938 vestibulo,
1009 3882 1049 3930 rel
1063 3887 1124 3928 ante
1135 3888 1232 3943 postes.

220 3955 410 4008 exhibebuntur
427 3951 557 4018 sedentes,
573 3953 607 4003 ad
624 3953 748 4018 majorem
788 3967 793 3974 '
824 3957 973 4021 rannus]
1000 3956 1238 4020 Lipsirrs,urtoptes,·
1252 3957 1322 4006 Livi·

220 4033 374 4097 pnpnlorum
397 4029 589 4084 venerationem
610 4031 747 4081 consiliari·
789 4031 872 4089 udus,
884 4035 991 4096 adeptus,
1007 4033 1049 4080 vel
1060 4031 1138 4080 etism
1149 4030 1255 4095 affectes.
1281 4033 1321 4083 lit

220 4109 289 4160 dunt.
579 4163 581 4168 ,
787 4115 821 4158 ιιι
843 4116 893 4170 est,
908 4123 998 4157 sensns
1015 4107 1080 4156 erit:
1102 4107 1161 4158 Quo
1180 4107 1211 4158 nt
1228 4116 1257 4160 ut
1275 4109 1319 4160 nti

252 4193 264 4220 ⁶
280 4183 359 4248 Auro]
378 4180 480 4232 Atludit
491 4179 602 4233 t'nrtssrs
612 4183 645 4232 ad
658 4179 750 4232 Domi·
786 4182 882 4246 maiori
899 4183 950 4231 sint
963 4181 1032 4244 apud
1048 4181 1166 4231 homiues
1177 4183 1202 4232 in
1214 4185 1280 4248 loeo,
1292 4185 1319 4234 id

221 4261 319 4313 tiannm
332 4261 376 4328 qni
393 4264 513 4311 ‘statuar
523 4259 608 4311 sibiin
619 4259 750 4327 Capitolio
786 4265 842 4320 est,
861 4261 936 4326 leuge
952 4272 1010 4311 snm
1027 4259 1117 4324 majori
1134 4261 1258 4328 religione
1276 4275 1320 4312 eo·
