3112 4852
215 328 282 398 216
577 345 609 392 e.
634 343 755 392 rmnu
781 343 946 395 snouuur

217 485 402 550 sterilitatis
426 484 591 565 insolitoe;
622 505 684 550 uec
711 483 822 550 minus
848 487 1070 552 erubescebat
1092 487 1191 565 sume,
1216 509 1317 572 quem

163 585 178 596 ’
217 587 455 670 torquebatur:
478 605 554 652 oum
573 588 697 670 puriter
712 607 731 650 a
748 594 781 650 te
802 588 1062 654 necessitutibus
1083 589 1158 672 ejus
1182 592 1317 672 pudori-

217 707 284 770 que
309 689 509 754 subventum
539 684 615 753 est.k
661 690 847 771 Stupebant
874 691 1032 771 agricolae
1065 692 1163 772 plenu
1186 692 1316 770 horren,

216 806 294 869 quee
310 805 375 850 non
390 789 455 870 ipsi
472 789 690 865 retorsissent,
707 790 895 872 quibusque
909 791 950 854 de
963 791 1092 874 campis
1105 792 1164 856 iliu
1176 796 1315 858 subvec-

216 894 250 956 tu
266 890 414 954 messis?
437 909 545 973 quave
560 892 596 954 in
612 891 753 973 AEgypti
770 898 867 972 purte
883 891 971 956 alius
986 892 1120 962 amnis?
1145 893 1200 956 ita
1216 895 1317 963 bene-

215 995 292 1060 ficio
309 1004 380 1075 tuo,
396 1018 456 1064 neo
472 999 616 1080 maligna
632 1000 751 1080 telius3
774 1006 809 1065 et
829 1003 1022 1084 obsequens
1046 1001 1148 1066 Nilus
1164 1002 1315 1086 AEgypto

216 1097 351 1179 quidem
366 1118 471 1181 saepe,
488 1101 547 1165 sed
562 1101 677 1181 grouae
692 1109 816 1166 nosne
832 1122 997 1186 nunquam
1013 1103 1137 1184 largior
1150 1104 1273 1168 fluxit!

259 1198 350 1264 Gur.
368 1216 504 1268 xxxrr.
548 1203 579 1265 1.
604 1201 715 1280 Quum
731 1223 819 1266 nnnc
839 1203 952 1286 juvat,
978 1205 1173 1286 provincius
1199 1224 1315 1270 omnes

121 1345 125 1352 -
215 1301 250 1366 iu
271 1302 370 1369 fidem
390 1312 540 1400 nostrum
563 1305 787 1388 ditionemque
812 1306 954 1382 venisse,
977 1312 1156 1387 postquam
1181 1308 1318 1387 contigit

215 1403 386 1486 princeps,
402 1406 460 1488 qui
476 1403 651 1470 terrorum¹
666 1403 929 1486 soeonnditatenr,
939 1426 1027 1471 nuno
1038 1407 1115 1483 huc,
1126 1425 1214 1470 nuno
1226 1408 1318 1485 illue,

249 1574 259 1598 ‘
275 1569 317 1616 ltu
333 1582 376 1629 per
393 1573 416 1616 te
427 1569 579 1628 factumest,
596 1575 623 1618 ut
639 1587 680 1620 uec
702 1573 792 1620 sterilis
802 1573 924 1635 AEgyptur
939 1575 1009 1626 erret,
1025 1576 1048 1619 et
1064 1569 1138 1618 Nitus
1148 1570 1318 1633 AEgyptiorum

213 1631 445 1760 2⁰25qussan
459 1647 522 1696 rupe
542 1634 699 1684 abundantior
712 1635 792 1694 suerit
814 1639 845 1684 ud
866 1636 968 1699 AEgypti
987 1635 1128 1696 ubertum,
1151 1649 1269 1698 uunquam
1281 1637 1319 1729 uri

216 1890 282 1953 conj.
288 1889 390 1952 frugum
398 1898 514 1954 prouentu
526 1892 662 1942 demuntur
670 1898 750 1955 geute.
784 1893 859 1953 Mox,
878 1891 952 1940 multi
970 1891 1046 1940 codd.
1057 1896 1086 1939 et
1096 1889 1157 1938 edd.
1170 1904 1215 1953 quo
1226 1897 1320 1954 torque·

216 1955 303 2013 butur,·
320 1956 396 2004 codd.
415 1957 500 2004 Puris.
520 1957 617 2006 venet.
636 1957 811 2006 Sohwmzinn.
828 1956 950 2006 Beroeid.
972 1955 1032 2003 Atd.
1052 1955 1145 2003 Catari.
1162 1955 1229 2004 Nur.
1249 1955 1319 2018 Lips.

217 2018 295 2068 Grut.
312 2021 487 2081 Perisienseu,
496 2021 610 2085 Berueg.
624 2021 741 2080 Peteroi.
753 2031 781 2072 ut
793 2023 875 2081 Cera,
884 2021 954 2083 quuui
961 2018 1121 2082 torquebatur.
1138 2019 1239 2068 ‘Ponto
1252 2025 1318 2082 port,

217 2083 310 2145 portic.
321 2101 366 2146 que
377 2085 402 2132 in
414 2085 540 2147 quibusque
551 2087 640 2134 exulat
659 2100 674 2133 n
692 2085 756 2134 Mus.
769 2086 885 2134 omnibus
898 2093 924 2133 et
936 2084 998 2132 edd.
1011 2084 1105 2132 muttit.
1141 2083 1204 2131 Mox
1221 2085 1318 2133 Puteo·

217 2148 299 2200 lanus,
312 2149 491 2210 cuspinianus,
501 2148 672 2209 Philemone,
683 2149 822 2210 Gruterus,
835 2158 862 2198 et
872 2147 1029 2197 Arntzenius
1040 2147 1102 2196 utine
1112 2161 1203 2203 ortuum·
1212 2147 1236 2195 id
1250 2148 1318 2210 qnod

217 2211 295 2260 etiem
312 2211 337 2260 iu
356 2211 432 2261 codd.
444 2213 548 2260 Veneto
567 2213 731 2262 etScbwnrz.
748 2214 811 2262 item
831 2215 855 2260 in
876 2214 942 2262 libro
960 2211 1045 2261 vossii
1064 2211 1211 2274 reperiturr
1230 2211 1316 2260 mete-¹

220 2275 316 2336 Cin-ig.
333 2276 395 2324 otius
403 2290 478 2324 uuuur
489 2275 565 2325 codd.
575 2277 670 2326 Vener.
681 2277 851 2326 Scbwurzinu.
862 2277 923 2326 edd.
936 2276 1040 2324 Puteot.
1053 2275 1159 2338 Cuspio.
1176 2275 1318 2324 Phnoum.

217 2339 554 2402 Grut.1.ipn.etArntzen.
572 2340 722 2389 ‘Gesneruu
735 2348 858 2404 puuctum
876 2341 963 2404 posuit
982 2347 1043 2404 post
1055 2340 1137 2399 Nilus,
1155 2347 1182 2388 et
1194 2340 1318 2402 obsequeris

217 2411 318 2452 tanturn
331 2403 413 2454 refert
432 2404 464 2452 ud
484 2406 589 2454 arturum
608 2407 690 2454 classe
707 2406 873 2468 strumentum,
893 2405 961 2467 quod
979 2405 1065 2454 itieud
1077 2405 1202 2452 interiore
1213 2405 1318 2468 AEpypti

217 2468 329 2518 aduerso
350 2481 424 2518 amne
444 2470 590 2530 pertulerit.
625 2471 720 2518 Verum
739 2471 775 2518 uio
795 2471 886 2532 ultima
906 2471 985 2518 verbu
1000 2469 1109 2531 abrupte
1127 2469 1201 2518 nimis
1221 2471 1318 2517 ndrtitn.

217 2532 381 2589 Arntueniuu,
400 2534 444 2598 qui
457 2533 538 2581 eood.
549 2534 663 2597 Gnelpb.
675 2542 702 2583 et
711 2535 776 2586 Exn.
787 2534 862 2584 Voss.
873 2533 974 2596 recepit
984 2548 1026 2583 neo
1037 2533 1139 2594 terrim
1149 2530 1231 2596 (quod
1247 2534 1316 2581 idem

218 2605 245 2645 et
257 2612 321 2646 nnus
333 2597 420 2647 Vntio.
432 2601 459 2645 et
470 2598 563 2647 Suiisb.
576 2597 734 2662 proferunt)
745 2601 827 2648 iocum
837 2600 873 2646 sio
891 2598 1002 2661 accipit:
1020 2595 1134 2659 quemvis
1144 2611 1191 2644 neo
1207 2597 1317 2657 benigna

217 2660 296 2710 fuerit
308 2664 394 2718 tetius,
412 2676 460 2710 uec
479 2663 622 2726 obsequeur
635 2664 719 2718 Nilus,
735 2672 820 2712 tarneu
838 2677 970 2727 uunquam
991 2661 1126 2722 gloriosior
1143 2661 1216 2708 nobis
1234 2659 1318 2709 fluxit.

218 2727 257 2775 Ex
269 2727 318 2774 hec
331 2729 431 2776 ratione
448 2727 540 2780 nescis.
552 2728 613 2790 qnid
628 2729 715 2775 vorbis
736 2729 888 2791 interjectis,
904 2728 1009 2788 AEgypto
1028 2725 1121 2788 quidem
1137 2739 1208 2779 soeue,
1227 2723 1317 2782 facins.

217 2791 346 2839 Schwerz.
359 2791 470 2851 denique
482 2793 549 2852 conj.
562 2796 586 2840 et
596 2791 671 2852 etseq.
685 2792 771 2840 Nilus:
789 2793 830 2853 qui
841 2794 899 2852 AEg.
912 2803 1057 2853 quanquam
1071 2791 1127 2850 ipse
1138 2803 1190 2836 nou
1209 2787 1317 2837 muttum

218 2855 350 2903 tribuebat
361 2855 420 2902 buin
432 2855 597 2916 conjecture.
631 2855 670 2901 De
683 2857 810 2904 verietate
829 2858 881 2916 itta,
900 2868 943 2901 neo
960 2853 1070 2914 benigue,
1087 2860 1150 2915 puto
1169 2853 1230 2900 ient.
1249 2857 1317 2913 vulg.

217 2919 277 2966 oiim
288 2919 489 2982 superscriptum
501 2931 558 2964 esse
568 2935 583 2966 n
595 2920 713 2981 quopiam
726 2924 749 2966 et
760 2919 871 2980 benigue,
882 2925 990 2980 propter
1002 2931 1111 2980 sequens
1122 2922 1154 2965 et.
1171 2916 1316 2979 Hinc,oum

217 2983 312 3044 eopuiu
323 2989 346 3031 et
357 2983 516 3042 evanuisset,
526 2982 589 3030 eiius
603 2981 666 3028 iecit
678 2997 720 3030 uer
736 2982 853 3042 benignu!
872 2981 971 3042 Gierig.
1004 2982 1126 3042 Denique
1146 2981 1252 3043 Crrepin.
1270 2997 1318 3044 pro

210 3046 291 3158 {tm
308 3047 385 3098 natet
400 3047 471 3111 fluit,
494 3045 552 3096 nod.
572 3047 658 3097 Puris.
677 3045 796 3110 definitr
825 3047 954 3098 sunnon.
973 3047 1040 3107 conj·
1055 3045 1118 3103 Μ.
1151 3044 1221 3096 Vide
1241 3043 1318 3100 Nott.

243 3125 294 3160 arr.

250 3175 318 3225 Cur.
337 3187 430 3225 xxxu.
465 3180 477 3224 1
497 3176 686 3235 Quouiuruuuur
698 3176 760 3226 Vnt.
776 3180 801 3226 4.
814 3175 898 3226 Puris·
909 3170 1021 3235 Grrelpb·
1040 3178 1068 3224 et
1087 3172 1152 3224 Exn.
1164 3173 1241 3221 Voss.
1263 3173 1316 3229 Quo

218 3254 280 3288 nuno
291 3241 349 3288 eod.
363 3241 453 3288 Putuv.
464 3247 586 3304 potquam
596 3240 707 3301 contigit,
718 3245 744 3290 ut
753 3242 863 3304 princeps
874 3239 937 3288 urbi·
946 3245 1072 3290 terrerum,
1089 3237 1130 3297 qui
1143 3237 1317 3295 secunditatem

218 3304 378 3352 codPutuv.
405 3311 527 3366 postquam
546 3304 657 3364 contigit,
679 3310 706 3352 ut
724 3305 843 3366 princepe,
862 3305 902 3366 qui
923 3308 1041 3351 torturum
1055 3300 1230 3356 secunditatem
1252 3304 1317 3349 Exn.

218 3368 293 3415 Voss.
317 3368 403 3417 ‘Oiim
423 3370 448 3415 in
469 3369 545 3416 editis
562 3369 632 3416 tibris
653 3369 708 3415 buc
722 3368 803 3416 verbe
818 3371 855 3417 uio
871 3369 1035 3426 interpuncta
1049 3364 1125 3427 vulgo
1144 3364 1315 3427 legebantur:

217 3436 341 3494 postquam
361 3432 464 3492 contigit
485 3433 593 3494 princepe
611 3438 737 3487 terrorum,
749 3432 789 3493 qui
801 3432 985 3491 secunditatem,
1003 3430 1043 3490 bro.
1078 3429 1204 3477 Ceitnriue
1223 3431 1314 3478 saltem

220 3496 321 3556 signnm
343 3495 413 3543 incisi
434 3495 643 3544 transtocandurn
664 3496 830 3544 existimavit.
864 3495 912 3542 Sed
932 3495 987 3556 jum
1009 3493 1190 3554 cuspinianus,
1209 3502 1236 3540 et
1248 3493 1316 3556 Gry·

218 3559 302 3622 phion,
311 3559 457 3610 etdacobus
469 3561 501 3607 de
513 3562 537 3609 io
550 3560 650 3621 Bonus,
661 3561 730 3621 iprum
743 3561 806 3607 dum
818 3558 920 3606 noenius
933 3557 1101 3606 trunslocatm
1111 3557 1233 3604 edidere:
1251 3562 1315 3620 pert·

218 3638 287 3686 quum
297 3623 402 3684 contigit
412 3624 529 3686 princepe,
540 3624 581 3686 qui
592 3629 710 3676 terrorum
720 3623 905 3684 secunditatem,
918 3626 959 3683 tro.
991 3621 1057 3672 Qun
1068 3621 1238 3672 transmeatio
1247 3621 1315 3670 codi-

219 3689 256 3738 cis
275 3687 325 3738 Mu.
345 3689 506 3744 Purisienuis,
526 3697 554 3738 et
574 3690 664 3744 nostri,
684 3689 798 3754 itemque
818 3687 937 3736 Vourieui
960 3691 987 3734 et
1000 3685 1109 3735 alterius
1121 3686 1316 3744 Gudiuniiibri,

714 3845 822 3896 Notus

250 3978 263 4010 ¹¹
279 3976 421 4026 Subueutum
431 3975 478 4037 ert]
497 3975 531 4028 Ut
544 3983 618 4042 putet
630 3991 662 4026 ex
674 3989 747 4024 uum·
789 3989 877 4026 urnvs.
911 3975 962 4025 Ubi
982 3974 1050 4036 picto
1062 3971 1161 4036 effigies
1174 3972 1229 4021 Nili
1242 3988 1315 4022 recn-

221 4070 262 4104 mo
280 4055 323 4118 qni
345 4054 471 4118 hodieque
489 4059 578 4102 extetr
603 4065 667 4102 rur.
684 4065 747 4104 crus.
788 4053 950 4114 bautis,ouru
971 4049 1102 4100 orocodiin
1117 4062 1162 4096 suo
1179 4057 1206 4096 et
1223 4047 1315 4112 bippo-

219 4143 543 4182 urnvu'rnuruuvsrvo.
577 4129 608 4178 ln
625 4130 747 4192 parteul·
787 4136 900 4190 potemo.
922 4121 1025 4192 luipo*
1241 4131 1244 4138 '

220 4216 291 4259 terr:
317 4219 336 4254 s.
355 4218 380 4253 r.
398 4216 427 4256 n.
447 4219 474 4254 n.
494 4218 601 4254 or‘rrrro
619 4217 747 4255 rnrncrrr
823 4202 894 4260 ¹Qui
904 4200 1034 4266 terrorum]
1053 4198 1193 4252 Emendavi
1205 4213 1261 4248 eum
1272 4199 1314 4252 Li.
