3088 4848
227 385 293 456 802
596 403 628 454 e.
653 403 773 454 rursu
798 403 966 456 sucrum

226 568 314 631 nnuc
342 547 501 630 singulos,
526 565 615 612 nono
640 547 830 623 universos,
856 545 1051 612 adhortatus
1080 567 1131 625 es,
1157 567 1321 616 resumere

224 651 424 726 libertatem,
447 666 623 732 capessere
646 648 744 730 quasi
760 649 946 712 communis
965 648 1095 731 imperii
1110 668 1222 728 curas,
1236 652 1323 718 iuvi·

227 750 331 832 gilare
345 751 490 833 publicis
505 750 713 825 utilitatibus,
734 758 770 814 et
791 750 987 832 insurgere.p
1029 750 1063 815 3.
1087 748 1212 814 Omnes
1226 758 1324 816 anteq

224 857 258 916 te
282 851 396 916 eadem
415 853 481 916 ista
501 851 680 930 dixerunt3
704 851 826 918 nemini
854 856 967 914 tamen
993 863 1070 915 aute
1097 857 1132 914 te
1157 853 1322 918 creditum

224 961 287 1018 est.
333 952 435 1018 Erant
450 954 513 1018 sub
528 953 638 1018 oculis
651 954 823 1036 naufragia
836 953 1027 1028 multorom,
1049 972 1135 1036 quos
1156 953 1322 1020 insidiosa

222 1055 461 1138 tranquillitate
476 1063 652 1137 provectos
667 1056 869 1140 improvisus
884 1057 981 1119 turbo
993 1054 1191 1137 perculerat.
1214 1053 1320 1132 Quod

225 1157 314 1220 euim
329 1159 397 1220 tam
409 1155 549 1220 infidum
561 1175 663 1235 mare,
673 1175 773 1238 quam
786 1156 961 1221 blanditie
973 1154 1163 1238 principum
1177 1154 1320 1232 illorum,

225 1256 347 1340 quibus
370 1261 462 1321 tanta
483 1257 723 1336 levitas,tanta
745 1257 848 1333 fraus,
863 1265 899 1322 ut
913 1255 1071 1329 faciliusr
1092 1259 1184 1320 esset
1203 1256 1322 1334 iratos,

225 1375 325 1440 quam
352 1358 530 1441 propitios,
552 1358 699 1423 baberel
743 1359 775 1422 4.
798 1358 849 1422 Te
874 1376 956 1422 vero
981 1357 1088 1424 securi
1119 1362 1154 1420 et
1180 1357 1321 1437 alacres,

225 1478 294 1542 quo
309 1479 426 1536 vocas,
442 1461 623 1543 sequimur.
660 1459 1011 1538 Jubesesseliberos3
1034 1459 1164 1522 erimus.
1200 1457 1321 1539 Jubes,
1355 1469 1358 1474 '

224 1578 305 1643 qnae
318 1562 494 1638 sentimus,
515 1581 667 1643 promere
693 1562 727 1624 io
742 1561 910 1641 medium3
933 1560 1151 1644 proferemus.
1197 1559 1322 1642 Neque

225 1661 312 1723 euim
329 1662 437 1726 adbuc
450 1663 586 1744 ignavia
599 1663 744 1746 quadam
768 1670 805 1726 et
826 1662 928 1727 insito
947 1667 1080 1744 torpore
1093 1661 1337 1744 cessavimus),

223 1760 351 1836 Terror,
368 1770 402 1826 et
417 1768 539 1842 metus,
553 1771 589 1828 et
604 1764 727 1830 misera
740 1765 801 1830 illo
816 1783 858 1831 ex
871 1764 1030 1847 periculis
1040 1762 1131 1828 facta
1144 1761 1323 1846 prudentia

224 1863 391 1941 monebat,
405 1870 441 1929 ut
456 1866 673 1948 erepublica,
687 1865 775 1951 (erat
796 1873 906 1932 autern
929 1866 1064 1930 omniuo
1078 1866 1170 1930 nulla
1184 1865 1322 1947 respub·

223 1962 323 2048 lica,)
351 1966 484 2044 oculos,
512 1986 621 2045 aurea,
648 1967 790 2044 animos,
821 1975 1055 2032 averteremus.
1098 1967 1131 2029 5.
1162 1963 1210 2029 At
1234 1985 1323 2028 nnnc

226 2072 282 2130 tua
297 2065 455 2130 dextera·
477 2067 608 2151 tuisque
623 2069 801 2152 promissis
813 2067 893 2132 freti
907 2075 942 2131 ct
956 2067 1073 2141 innixi,
1089 2068 1234 2150 obsepta
1249 2067 1323 2131 diu·

258 2241 270 2275 ὅ
286 2244 342 2314 ltere
354 2243 417 2306 eriere
430 2244 476 2293 boc
486 2258 558 2306 esoce
568 2244 630 2293 orilril
640 2246 732 2307 egico
746 2246 774 2295 in
783 2245 911 2311 republica,
926 2250 1024 2310 propter
1039 2244 1152 2296 inertium
1167 2247 1285 2308 pecodum
1300 2250 1324 2308 et

225 2308 332 2362 inertem
342 2307 479 2372 pigritiem,
495 2311 535 2358 red
544 2323 596 2372 pro
606 2314 678 2360 mete.

684 2419 866 2442 ”neuneu

224 2520 277 2564 net.
288 2519 313 2565 2.
330 2515 473 2594 libertatem,
488 2519 564 2595 puori,
575 2523 616 2583 dc.
629 2517 722 2595 omisso
734 2531 797 2567 voce
807 2533 925 2584 coperrere
931 2534 942 2578 ,·
958 2517 1129 2594 Schwarriau.
1141 2517 1274 2568 libertatem
1283 2533 1323 2568 co·

219 2583 874 2712 11151111ῑί.1ῑὲῑ.ῑ,11.ἕ“.’.ἰ’··.ἷ.ξ“ξ.1;
880 2585 999 2697 liti:
1003 2582 1161 2710 iiiiii
1165 2582 1325 2695 {lilii}

223 2705 283 2758 bum
294 2715 416 2771 provector
427 2713 551 2762 omittunt
562 2713 666 2762 Puteol.
677 2710 799 2760 Beroald.
809 2723 837 2762 et
848 2712 989 2761 Philomcr.
1003 2726 1050 2774 pro
1061 2724 1111 2775 quo
1121 2711 1228 2773 cuspin.
1241 2710 1323 2760 edidit

219 2773 346 2835 prosector.
366 2775 469 2825 Puteol.
479 2776 602 2826 Beroald.
613 2782 641 2826 et
652 2776 794 2826 Philomur.
806 2775 945 2838 improoircr
955 2774 1023 2825 torio
1040 2776 1179 2838 perederet.
1214 2775 1324 2837 Deinde,

224 2837 290 2892 Quid
299 2838 362 2886 erim
373 2838 477 2888 Puteol.
489 2839 579 2888 Caino.
592 2840 653 2888 Ald.
667 2840 773 2902 Curpiu.
784 2840 925 2888 Philomus.
936 2841 967 2888 R.
977 2840 1069 2901 Steplr.
1082 2838 1184 2901 Grypb.
1197 2853 1238 2888 on.
1249 2841 1324 2887 1531.

223 2901 294 2950 Nar.
306 2908 333 2949 et
347 2901 466 2950 Sicbard.
490 2902 656 2950 tontolecitcr
666 2901 725 2950 eod.
739 2903 802 2950 Vat.
818 2907 843 2952 4.
861 2903 953 2952 Catan.
969 2903 1030 2951 Ald.
1048 2902 1188 2952 Pbilomrrr.
1208 2903 1275 2952 Nur.
1294 2908 1323 2952 et

223 2963 327 3026 Grypb.
339 2967 410 3012 1542.
434 2965 570 3025 rrtfeliciro
584 2971 644 3014 erret
661 2965 727 3028 conj.
746 2965 863 3027 Liprios;
883 2974 911 3016 et
928 2967 965 3016 ric
982 2967 1115 3029 legltcrin
1137 2968 1201 3016 Ero.
1212 2966 1323 3016 Voss.-

221 3031 238 3075 Δ
255 3027 330 3076 Joder
340 3041 361 3078 e.
373 3029 389 3077 l.
400 3029 515 3078 cernimur
531 3030 593 3080 Vct.
609 3033 634 3078 4.
658 3029 733 3078 dulce
750 3043 771 3077 e.
789 3030 807 3078 l.
823 3031 931 3080 criminis
946 3031 1040 3079 venet.
1056 3035 1081 3082 2.
1100 3038 1128 3080 ct
1146 3031 1322 3080 Scbrrrrziao.

222 3091 299 3140 Jober
310 3107 332 3140 e.
343 3093 360 3141 l.
372 3092 453 3141 camir
464 3093 557 3143 Solisb.
569 3108 584 3142 rr
594 3108 627 3142 ur.
645 3108 686 3156 pr.
703 3097 731 3142 et
748 3108 816 3143 corr.
834 3095 958 3144 credimur.
991 3095 1065 3150 Mox,
1081 3094 1160 3144 rerba
1178 3095 1205 3143 r'rr
1220 3096 1322 3144 mentm

223 3155 319 3206 derunt
330 3155 356 3204 in
367 3156 463 3206 Vener.
476 3161 499 3207 1.
521 3159 665 3220 proferimur
675 3157 789 3217 Guelpb.
800 3165 829 3208 et
841 3159 957 3210 libonem.
969 3173 1010 3208 ao.
1020 3163 1092 3207 1⁶20.
1113 3173 1244 3222 promereor
1254 3158 1323 3220 conj.

222 3219 331 3270 Ritterr.
349 3220 433 3284 Neque
443 3223 528 3286 odim,
539 3225 634 3272 omissa
650 3223 779 3285 particula
795 3223 867 3283 enim,
885 3224 998 3285 Guelpb.
1022 3223 1097 3272 rdine
1112 3223 1185 3272 deest
1202 3223 1228 3270 iu
1243 3223 1321 3271 codd.

221 3283 315 3333 salisb.
326 3290 353 3334 et
365 3286 535 3337 Schwarrlnn.
557 3292 581 3336 et
592 3286 689 3336 moene
698 3287 741 3336 illo
750 3286 826 3336 codd.
836 3288 898 3337 Vnt.
909 3293 934 3337 4.
946 3294 972 3337 et
980 3288 1076 3336 venet.
1085 3291 1109 3335 1.
1131 3287 1258 3349 prudentio
1272 3301 1322 3335 roo·

221 3348 291 3396 cebet
301 3347 362 3398 edd.
371 3349 474 3400 Poteel.
486 3352 608 3401 Beroald.
616 3352 699 3414 prima
708 3352 800 3401 cotan.
813 3350 1024 3400 Ald.1³nuomnr.
1037 3360 1064 3398 er
1075 3352 1142 3400 Nar.
1163 3366 1187 3413 p.
1198 3351 1322 3400 monebunt

221 3412 316 3463 Salisb.
333 3417 385 3462 erut
392 3421 472 3466 ortem
483 3415 515 3464 R.
524 3416 557 3466 Ρ.
567 3417 659 3466 omnino
670 3416 841 3467 Scbworzirn.
856 3421 908 3464 eret
918 3421 995 3465 cotem
1006 3415 1098 3464 ommno
1106 3415 1237 3478 respublica
1245 3413 1322 3468 codd.

222 3475 308 3528 Paris.
320 3477 428 3529 Veneti.
442 3485 465 3528 1.
477 3482 502 3530 2.
512 3479 604 3530 salisb.
615 3485 643 3530 et
652 3479 748 3530 Pater.
768 3481 834 3529 onitu
847 3484 929 3530 ortem
939 3480 1031 3530 omnino
1039 3479 1233 3543 carroperum
1244 3477 1321 3534 codd,

716 3607 824 3658 NO'I'AE

223 3703 392 3768 ubipubliea
411 3718 481 3758 curor
500 3704 676 3770 gerebantur.’
708 3704 751 3756 lte
791 3704 1049 3763 trucemtrucem
1069 3705 1319 3770 Lipriorubrtitoor

223 3781 326 3832 Fertur.
785 3780 891 3842 felicior.
925 3782 1104 3832 Domitianum
1122 3783 1163 3834 bic
1184 3783 1320 3846 tangiaco

255 3865 268 3902 ι)
286 3857 425 3922 lmrgeee]
439 3857 546 3910 Animos
557 3859 667 3924 erigere,
686 3873 750 3923 quos
791 3858 935 3914 Tiberium.
951 3873 1057 3924 quorum
1072 3858 1207 3910 insidiosas
1220 3858 1321 3908 blaudi·

123 3975 125 3980 .
222 3933 384 3995 superiorum
413 3934 556 3998 principum
578 3935 702 4001 superbie
724 3942 752 3986 et
792 3934 1010 3985 tioretcallidaur
1029 3935 1156 3984 raciliam
1172 3935 1231 3986 vide
1249 3933 1319 3999 opud

223 4008 365 4066 crudeliter
376 4009 549 4074 depresserat.
791 4009 951 4060 Suetonium.

256 4091 269 4126 ‘1
288 4087 376 4136 Omnes
393 4086 460 4149 oete]
476 4087 525 4136 Vel
545 4085 602 4150 ipre
619 4086 703 4152 Nero,
721 4093 751 4140 ut
823 4094 832 4118 ¹
851 4083 1241 4150 Dexteec]1dest,auxiliotuo·
1253 4084 1321 4137 Quia

224 4159 261 4210 rit
270 4161 355 4210 Tacit.
368 4161 462 4213 Annei.
475 4175 540 4214 xrrr.
551 4162 635 4212 initio.
791 4162 859 4212 enirn
871 4163 965 4212 dextre
978 4161 1087 4212 validior
1098 4168 1140 4212 est
1151 4162 1266 4225 sinistra,
1278 4162 1321 4234 vel

256 4236 401 4303 {Facilior}
429 4240 517 4306 boore
540 4238 675 4294 venurtior
700 4239 751 4294 erit
791 4239 852 4305 quir
863 4238 1041 4303 supplicanter
1060 4237 1154 4289 dextra
1167 4237 1269 4302 erigere
1279 4251 1320 4289 ro·
