3088 4848
552 373 831 424 rnunorntous.
875 373 898 425 r.
919 363 973 426 65.
1244 363 1311 433 299

215 523 257 586 tit
271 523 348 585 ante
370 517 529 600 gremium
551 517 709 596 consulis,
728 517 884 602 seditque
908 519 1038 596 consul,
1060 519 1210 606 principe
1233 532 1309 591 ente

216 641 253 686 se
269 621 396 698 stante}
418 625 453 682 et
467 617 553 682 sedit
562 617 758 697 inturbetus,
770 619 949 695 interritus,
962 629 996 685 et
1008 625 1166 702 tanquam
1176 625 1223 689 ita
1236 625 1308 692 lieri

216 723 350 786 soleret.
392 722 424 784 3.
446 718 641 798 Quinetiam
661 721 783 784 sedens
802 719 900 783 stanti
918 719 1042 804 preivit
1053 721 1309 806 jusjurandum,¹

215 830 251 888 et
265 824 322 887 ille
332 822 479 906 jurarit;
500 823 667 905 expressit
678 822 939 906 explanavitqne
948 824 1060 902 verbu,
1072 824 1192 907 quibus
1203 836 1309 909 caput

216 943 323 1002 suum,
348 925 481 989 domum
505 943 612 1002 suam,
636 925 666 988 si
693 924 837 988 scienter
861 925 1046 1003 fefellisset,
1072 922 1222 990 Deorum
1248 921 1308 991 ires

216 1031 438 1092 consecraret.
482 1025 617 1107 Ingens,
637 1015 767 1106 Gaesar,
791 1035 826 1090 et
847 1045 910 1109 per
924 1027 1029 1109 gloria
1042 1031 1112 1105 tue,
1133 1028 1206 1093 sive
1220 1029 1307 1094 sece-

214 1127 401 1194 rintfistud
419 1135 537 1211 postea
552 1129 735 1211 principes,
756 1129 827 1192 sive
849 1148 914 1192 non
935 1130 1087 1194 iecerint.
1130 1132 1164 1195 4.
1190 1130 1308 1195 Ullaue

216 1231 302 1296 satis
326 1230 427 1312 digna
446 1231 643 1314 praedicatio
666 1238 729 1309 est,
745 1230 834 1296 idem
857 1231 955 1296 tertio
976 1222 1309 1310 consulem-iecisse,

127 1327 131 1333 ’
215 1333 305 1416 quod
325 1333 457 1416 primrfl
481 1333 565 1397 idem
585 1333 798 1415 principam,⁸
820 1330 912 1415 quod
934 1321 1123 1416 priuatuml
1145 1333 1231 1396 illem
1247 1334 1309 1397 im·

215 1427 412 1516 putatorem,
425 1434 516 1517 quod
531 1436 593 1497 sub
608 1435 835 1517 imperatore?
859 1434 894 1498 N
894 1436 986 1499 escis
996 1434 1079 1517 jam,
1094 1438 1222 1513 nescio,
1235 1439 1307 1520 pul-

214 1535 367 1599 chriusue
382 1535 428 1599 sit
438 1535 541 1614 istud,
552 1536 655 1618 quod,
669 1543 837 1619 praeeunte
851 1533 967 1613 nullo,¹¹
980 1555 1021 1600 an
1036 1537 1112 1615 hoc,
1124 1537 1227 1620 quod,
1239 1539 1307 1602 alio

214 1641 395 1720 praeeunte,
404 1637 539 1720 jurasti.

259 1736 351 1803 Gne.
370 1753 460 1801 axv.
504 1739 536 1802 l.
558 1738 599 1803 In
614 1737 751 1806 rostrisi
777 1759 913 1823 quoque
935 1740 1038 1805 simili
1056 1741 1216 1824 religione
1231 1741 1307 1825 ipse

679 1902 854 1926 04ΝοΜο

213 2013 273 2065 edd.
288 2021 312 2066 et
326 2031 352 2066 se
363 2015 496 2066 irturbelue
505 2015 566 2066 Vei.
577 2019 651 2068 l.—³
669 2019 718 2075 Qut
728 2019 800 2070 ettam
811 2017 941 2069 nonnullos
954 2015 1013 2066 edd.
1038 2015 1103 2072 Quin
1117 2016 1190 2066 etium
1206 2017 1308 2084 praebuit

205 2079 372 2140 indurandam
384 2079 459 2130 codd.
472 2081 532 2129 Vnt.
544 2085 568 2132 4.
580 2087 607 2129 et
618 2081 712 2133 Pater.
746 2084 812 2132 Vide
823 2085 899 2132 Nott.
910 2083 985 2131 Varr.
998 2088 1025 2131 et
1037 2079 1113 2130 Obss.
1125 2081 1156 2128 iit
1169 2082 1308 2145 subjectas.

205 2143 300 2204 jurarit
310 2150 333 2194 et
343 2146 459 2206 expressit
469 2143 560 2193 salisb.
581 2145 686 2206 ,iuravit-
705 2147 832 2210 Expressit
840 2147 884 2196 elil
895 2146 998 2211 quidam
1010 2143 1085 2195 codd.
1093 2161 1135 2208 ap.
1147 2145 1308 2196 Suburam.-

211 2211 227 2256 4
242 2207 326 2256 Uticae
336 2223 356 2257 s.
365 2208 502 2269 predicato
512 2209 587 2270 urano
597 2215 633 2258 eet
641 2211 718 2260 cedd.
728 2212 803 2262 Vstt.
815 2213 899 2262 Perit.
910 2211 1017 2261 Venrtt.
1026 2213 1049 2258 1.
1058 2215 1082 2260 2.
1094 2211 1186 2261 Selisb.
1196 2211 1308 2274 Guelpb.

211 2277 239 2346 et
250 2273 421 2322 Sebwsrzian.
453 2274 537 2323 Paulo
547 2275 701 2336 portendi.
720 2276 828 2328 Veneti.
844 2281 867 2328 1.
882 2279 908 2326 2.
926 2283 954 2326 et
974 2276 1087 2338 Guelpb.
1106 2275 1254 2339 pulcbriuaue
1273 2278 1306 2326 sit

200 2336 278 2408 belled-
310 2335 365 2412 Pro
374 2338 447 2400 nulio,
467 2337 552 2388 Paris.
560 2339 639 2389 babet
649 2341 690 2390 illo
697 2355 708 2400 ,·
730 2339 841 2400 Deinde,
857 2341 948 2390 Salisb.
958 2341 985 2390 ire
995 2341 1038 2390 lroe
1046 2355 1069 2404 q.
1081 2355 1139 2403 up·
1150 2341 1240 2398 vitasti,
1252 2350 1279 2391 et
1291 2356 1306 2391 a

212 2403 421 2459 maceronti.

243 2465 308 2514 Car.
320 2478 384 2516 uxr.
416 2471 429 2515 1
445 2465 474 2516 ln
484 2467 569 2516 rostris
579 2466 728 2531 quoqaefere
735 2469 810 2518 simili
820 2451 897 2520 codd.
905 2469 998 2519 Peter.
1010 2475 1038 2517 et
1048 2467 1113 2518 Exc.
1123 2459 1199 2520 Voss.
1233 2469 1307 2534 Mox,

707 2607 814 2658 NOTAE

209 2717 213 2730 ·
237 2701 739 2766 ePretetupretuu]reverteremur
773 2696 947 2770 jurejurando
968 2719 996 2755 ee
1019 2705 1202 2755 obstrinxerit:
1222 2712 1248 2755 et
1267 2705 1306 2754 iri-

208 2779 235 2832 iti
245 2781 360 2830 editione
373 2780 631 2843 Lugdunensirtnnti
638 2781 740 2843 prebent
777 2781 859 2842 ipsum
879 2781 989 2829 eundern
1007 2779 1101 2828 iecisse
1117 2779 1196 2828 tertio
1214 2791 1305 2829 conen·

205 2855 411 2916 jurjerandumid
424 2862 475 2916 est,
487 2856 582 2906 obtulit
594 2856 625 2904 de
638 2855 738 2917 scripto
776 2855 826 2906 lent
848 2871 905 2906 curu
923 2856 1065 2921 imperator
1083 2863 1161 2914 esset,
1178 2857 1226 2906 boc
1245 2871 1305 2906 vero

206 2933 348 2994 jrrreneentl
356 2929 501 2988 formulam,
512 2947 587 2996 quarn
597 2937 667 2980 stans
676 2931 738 2980 Tre·
775 2930 921 2982 uirtutum.

206 3008 284 3070 janus
300 3009 488 3070 pronuntiaret.
522 3009 623 3056 Mavult
636 3006 737 3070 lipsius
807 3005 964 3056 hPrreeuute
983 3006 1060 3070 nuo]
1085 3007 1212 3071 Equidem
1236 3006 1305 3060 effic·

208 3083 307 3148 proeieit
326 3083 503 3146 jusjurandum.
551 3083 634 3132 Moris
667 3082 737 3130 euim
774 3094 846 3129 mere
868 3095 919 3130 uon
947 3095 1062 3144 possum,
1087 3082 1172 3145 inquit
1194 3083 1305 3144 Plinius,

209 3158 586 3220 ‘eruuntnroxeriditPlinius,
603 3157 737 3205 ‘uliorer·
775 3157 866 3220 plusne
889 3155 972 3204 leudis
996 3155 1045 3204 tibi
1073 3153 1206 3216 debeatur,
1234 3157 1303 3219 quon

209 3231 243 3284 ba
264 3233 413 3299 preeunte?
431 3235 535 3283 solenne
554 3230 736 3296 jusjurandum
775 3231 846 3280 nullo
867 3231 1012 3294 principum
1032 3231 1151 3294 exemplo
1173 3229 1303 3290 inductus,

209 3295 340 3372 emittere,
357 3325 391 3358 ne
404 3309 466 3374 quid
485 3316 530 3358 eut
547 3307 737 3370 praeteriretur,
775 3307 851 3358 iidem
869 3316 939 3359 tuern
953 3307 1122 3372 jurejurando
1139 3307 1257 3374 firmetti,
1270 3323 1303 3362 eu

208 3395 254 3436 ent
278 3393 461 3450 preposuerunt
487 3384 629 3445 diceretur,
648 3390 677 3432 ut
700 3383 738 3434 cit
774 3385 842 3450 quod
853 3387 958 3436 consule
969 3385 1046 3434 verbs
1055 3394 1199 3449 preeunte,
1207 3393 1236 3438 et
1247 3394 1302 3438 teo·

209 3462 278 3514 Plio.
300 3475 400 3514 xxvttr.
422 3466 446 3512 2.
470 3471 499 3512 et
525 3461 621 3510 Plinius
648 3468 737 3509 noster
773 3477 847 3528 qtrarn
862 3463 979 3528 jubente.

207 3539 295 3602 Epist.
308 3551 335 3588 x.
343 3543 382 3588 6⁰.
394 3537 564 3587 ‘Praeirirnus
576 3542 602 3586 et
613 3537 735 3586 commili·
808 3537 854 3586 ¹lu
862 3535 961 3600 rostris]
972 3537 1127 3601 Designatus
1141 3539 1228 3587 consul
1241 3551 1302 3588 cou-

208 3615 315 3665 'touibne
335 3614 516 3678 jusjurandum
539 3629 610 3664 ruore
637 3613 735 3663 solenni
773 3612 857 3676 ceptis
876 3613 960 3662 uerbis
976 3612 1083 3675 jurabat
1098 3612 1303 3674 primumlnco·

208 3678 400 3756 prestantibus,
412 3697 439 3738 et
454 3685 674 3752 provincialibus:
685 3695 734 3739 &m
772 3691 861 3750 mitiis,
881 3691 972 3738 lterum
992 3690 1017 3736 in
1036 3689 1126 3737 rostris
1143 3695 1200 3737 cuin
1211 3689 1301 3737 'inibat

242 3763 437 3826 frb'iueseeeriut]
453 3763 522 3812 Illud
535 3764 637 3826 qrririenr
650 3764 735 3826 ipsum
772 3767 960 3828 magistratum,
983 3777 1011 3810 se
1036 3763 1106 3824 leges
1128 3769 1300 3812 servaturum.

207 3843 272 3892 iecit
288 3843 411 3891 trecentis
431 3847 490 3902 post
508 3839 580 3887 annis
591 3838 734 3890 Gothorum
774 3843 893 3904 Denique
911 3853 968 3888 cunr
988 3837 1076 3886 abibat
1089 3837 1249 3899 magistratu,
1268 3843 1298 3886 ut

208 3933 255 3968 rex
267 3915 441 3971 Athalarieus,
458 3919 465 3944 ⁶
483 3914 561 3978 idque
580 3921 608 3963 ut
625 3915 733 3979 Trajeni
772 3932 805 3967 ex
828 3917 963 3974 Cicerone,
988 3915 1083 3969 Dione,
1106 3919 1134 3961 et
1158 3913 1298 3964 Plutarcho

208 3997 307 4045 olerum
318 3991 734 4055 saeculisreparnretexemplum?
771 3985 934 4042 manifestum
945 3998 994 4041 est·
1027 3991 1119 4052 Neque
1137 3988 1163 4038 ii
1180 3989 1213 4038 ad
1228 3991 1299 4040 tuos

208 4068 326 4120 Cassiae
340 4080 400 4116 rutr.
410 4069 435 4116 8·
651 4121 660 4140 Ο
771 4067 952 4124 οοιιευὶοι,εεά
965 4072 992 4116 et
1003 4065 1035 4114 eti
1048 4071 1151 4114 eeteros
1162 4067 1296 4128 megistrs-

240 4155 254 4190 ε
271 4147 337 4196 idem
353 4141 493 4208 principem]
511 4143 587 4192 Haud
600 4143 675 4192 valde
687 4144 734 4194 nri·
771 4154 812 4196 tus
824 4153 851 4195 et
861 4151 996 4194 repeteres
1011 4141 1177 4205 pertinebute
1193 4144 1297 4208 quisli-

209 4237 264 4273 rurn
286 4221 353 4288 quod
370 4219 495 4284 'l'rejeuus
514 4219 633 4284 privatus
650 4219 734 4272 adbuc
771 4229 812 4273 ter
839 4222 990 4286 magistratu
1006 4231 1069 4268 -uou
1095 4219 1191 4284 mutet,
1221 4233 1296 4286 quaet
