3112 4852
558 350 839 404 enunciamus.
884 356 910 405 ι.
932 339 986 406 14.
1258 345 1324 414 173

231 498 318 558 teme
340 491 567 558 admirationis
586 499 652 560 tuae
668 495 757 562 furna
771 497 1012 580 conjungeresl
1039 518 1115 564 cum
1132 502 1246 568 orbem
1262 509 1324 568 ter·

229 614 350 672 rarum,
369 609 439 659 non
464 595 606 678 pedihus
632 594 762 678 magist
784 619 885 681 quam
911 599 1081 676 laudibus,
1105 621 1296 684 peragrares
1310 608 1344 670 t.

231 697 322 779 apud
347 716 405 760 eos
428 717 561 780 semper
585 699 694 782 major
718 706 752 764 et
777 701 908 780 clarior,
930 702 1053 784 quibus
1081 710 1202 783 postea
1223 709 1327 770 conti.

231 798 365 879 gissus-⁷
407 797 454 862 Et
473 800 614 864 necdum
639 800 836 885 Imperator,
857 803 998 866 necdum
1022 804 1089 868 Dei
1109 803 1224 882 filius,g
1238 826 1329 873 eras.

228 899 262 964 2.
285 899 522 964 Germaniamh
548 900 679 986 quidem,
707 923 786 984 cum
814 905 966 986 plurimrs
997 911 1126 986 gentes,
1151 925 1192 972 ac
1219 927 1325 992 prope

260 1105 272 1129 t
288 1099 383 1154 Quibus
389 1100 508 1162 posterius
518 1099 581 1148 uteru
591 1114 661 1150 esser.

691 1229 870 1250 ΟΙΝΝΝΟΟΙΟ

229 1337 278 1386 pro
287 1323 366 1384 suma,
378 1325 442 1374 citet
452 1325 588 1376 societatee
602 1325 668 1376 Mss.
680 1325 780 1374 Vaticc.
793 1325 875 1376 Paris.
886 1327 979 1376 Venet
995 1325 1089 1378 salisb.
1102 1327 1259 1392 Guelpherb.
1270 1343 1326 1390 suo,

229 1402 270 1448 eo,
282 1403 333 1450 quo
346 1390 476 1451 Livineius
488 1405 558 1451 usus,
577 1397 603 1437 et
621 1391 686 1439 Exc.
700 1389 787 1438 Gudii.
820 1391 936 1439 Eandem
954 1393 1015 1440 lect.
1029 1393 1084 1454 jam
1099 1394 1223 1451 expressit
1236 1393 1326 1458 Cuspi-

228 1455 298 1503 niau.
311 1460 466 1516 receperunt
478 1457 555 1501 etiam
575 1453 700 1502 Arutaen.
711 1462 738 1504 et
756 1453 869 1504 Gesner.
902 1456 969 1504 Vide
978 1456 1113 1504 Schwaraii
1125 1456 1326 1506 Observationes

228 1515 307 1565 Notis
319 1519 456 1566 Veriorum
469 1519 657 1580 subjectam-2
674 1519 756 1566 ‘Mes
766 1533 863 1574 omues,
872 1521 1044 1569 omnesetiam
1054 1519 1113 1569 edd.
1125 1527 1185 1568 ante
1198 1521 1326 1570 Schwerz.

228 1583 321 1630 omisso
332 1584 367 1642 τῷ
379 1582 522 1643 Hispaniam
534 1582 630 1630 habent
644 1579 850 1645 Germaniamque.
892 1583 1025 1633 Particuls
1036 1599 1079 1646 que
1091 1585 1262 1651 suspicione·
1275 1599 1326 1632 mo·

229 1653 284 1708 ret,
292 1647 422 1694 excidisse
433 1647 474 1693 hic
485 1661 576 1694 nomen
589 1653 666 1694 terrae
678 1647 822 1709 cujusdam.
841 1648 976 1698 Preterss
991 1649 1133 1713 Pyrenaeus
1143 1661 1327 1697 commemora·

228 1715 279 1770 tur,
290 1712 333 1774 qui
343 1711 524 1760 ‘Germaniam
536 1711 635 1759 munire
647 1710 832 1773 dirimereque'
846 1713 915 1760 nullo
926 1712 1001 1761 moda
1012 1713 1063 1762 dici
1076 1720 1171 1776 potest.
1206 1713 1326 1776 Denique

228 1776 304 1836 paulo
318 1782 376 1838 post
388 1775 516 1836 Trejenus
527 1776 622 1824 diserte
639 1783 760 1823 narratur
775 1789 806 1821 ex
817 1775 939 1838 Hispania
950 1778 1058 1826 venisse·
1093 1776 1163 1826 Nihil
1175 1777 1255 1838 igitur
1267 1777 1327 1824 mihi

228 1839 325 1886 certius
348 1839 452 1887 videtur
473 1839 584 1902 conjeci.
602 1840 695 1888 Baunii
713 1839 858 1900 Hispaniam
876 1841 1082 1903 Germaniamque,
1100 1855 1175 1904 quum
1194 1840 1260 1890 adeo
1276 1855 1327 1888 nou

227 1902 342 1951 dubitari
356 1903 381 1950 in
394 1911 545 1951 contextum
559 1905 686 1965 recipere.
718 1903 746 1951 Si
761 1903 821 1965 quis
839 1904 901 1965 vult,
918 1913 1005 1966 potest
1021 1913 1148 1966 preterea
1160 1905 1326 1966 interponere

227 1968 321 2029 partio.
332 1968 435 2030 quidem,
448 1981 505 2030 quar
520 1974 593 2015 certe
609 1974 673 2017 orat.
694 1967 785 2014 melius
802 1969 935 2016 connectit
952 1983 1009 2016 cum
1022 1969 1207 2029 superioribus,
1218 1980 1327 2032 eumque

223 2032 314 2080 reddit
326 2031 477 2078 molliorem.
511 2031 670 2079 schwartius
682 2043 754 2086 vero,
776 2045 852 2092 quem
864 2039 966 2079 secutus
978 2032 1143 2081 est-Gesner.
1161 2032 1251 2080 maluit
1265 2033 1326 2080 dare

228 2097 381 2145 Gennaniam
399 2096 501 2157 quidem,
520 2095 640 2156 neglecto
656 2107 712 2142 voc.
732 2094 884 2155 Hispaniam.
919 2095 1021 2150 Quidem
1039 2104 1125 2146 nutem
1140 2096 1326 2160 explieat,jem

225 2161 294 2223 quod
307 2162 400 2208 attinet
413 2159 444 2206 ad
457 2159 546 2208 Germ.
558 2159 624 2206 Tum
636 2159 778 2222 Pyrenoerrm
791 2166 864 2220 putet
876 2167 920 2206 aut
928 2167 1029 2222 purtem
1037 2174 1094 2209 esse
1104 2159 1208 2223 Alpium
1218 2161 1326 2209 Triden·

226 2225 349 2287 tinarum,
369 2222 445 2272 hodie
467 2222 514 2271 der
532 2223 662 2285 Breuuer‚
679 2229 723 2271 aut
739 2223 811 2269 illum
830 2223 940 2272 alterum
959 2224 1114 2286 pyreneum
1134 2225 1193 2274 ideo
1210 2225 1250 2274 hic
1268 2239 1326 2274 esse

227 2295 464 2342 commemoratum,
481 2286 542 2350 quia
553 2287 713 2350 superindue
724 2284 805 2334 fuerit
816 2288 928 2350 Trajsue
938 2303 970 2336 ex
983 2289 1109 2350 Hispanis
1121 2288 1146 2337 in
1157 2289 1324 2338 Germaniam

225 2354 379 2402 transeunti.
412 2351 519 2400 Partem
531 2351 600 2400 illum
614 2351 717 2412 Alpium
726 2349 845 2414 Pyrenaei
856 2367 947 2402 nemen
951 2353 1006 2415 jam
1018 2353 1096 2402 Plinii
1109 2360 1186 2402 aetete
1198 2355 1326 2409 habuisse,

226 2431 311 2478 nemo,
323 2417 390 2480 quod
403 2416 492 2476 sciam,
505 2415 588 2464 adhuc
599 2416 698 2464 docuit.
727 2413 818 2463 Altera
828 2425 914 2465 autem
924 2417 1052 2466 Schwarz.
1064 2419 1129 2466 ratio
1142 2418 1231 2466 melius
1243 2419 1326 2468 locum

225 2479 313 2537 habet,
335 2482 357 2528 si
374 2487 488 2528 nostram
510 2479 647 2528 lectionem
669 2477 788 2527 tuemur!
808 2481 904 2542 Gierig.
937 2481 1066 2529 Videndae
1088 2482 1226 2530 Schwaraii
1248 2482 1328 2531 Obss.

227 2545 306 2602 Notis
318 2546 391 2594 Varr.
404 2543 536 2606 subjecte.
570 2544 684 2592 ‘Vitium
703 2543 803 2591 detexit
819 2552 845 2594 et
863 2545 966 2607 egregie
986 2544 1018 2594 de
1031 2545 1151 2594 hocloco
1167 2548 1273 2594 meritus
1285 2554 1326 2598 est

226 2610 308 2658 codex
322 2609 394 2658 Voss.
406 2609 449 2670 qni
461 2610 511 2656 ita:
535 2607 742 2668 Germaniamque,
753 2621 822 2668 quum
832 2623 901 2656 cum:
921 2608 1063 2669 verissime,
1079 2609 1098 2656 si
1116 2611 1152 2657 ita
1167 2609 1325 2670 distinguas:

228 2673 424 2736 Germaniamque
435 2671 518 2735 (quum
528 2685 581 2719 cum
590 2671 698 2732 plurime
706 2678 791 2731 genter
803 2703 809 2718 .
822 2706 828 2720 .
843 2706 849 2720 .
860 2672 1033 2735 dirimuntque)
1045 2687 1088 2734 per
1098 2673 1140 2720 hoc
1151 2687 1226 2722 omne.
1260 2673 1325 2724 Quae

226 2751 268 2786 res
280 2739 337 2786 huic
356 2739 412 2786 laco
431 2736 588 2798 corruptelis
603 2735 729 2796 originem
745 2734 857 2788 dederit,
877 2749 927 2783 non
944 2735 1051 2784 difficile
1065 2744 1105 2784 est
1121 2737 1247 2799 suspicari
1268 2751 1325 2786 cum

225 2817 270 2864 que
280 2808 308 2851 et
319 2817 388 2864 quam
398 2815 449 2848 uon
462 2799 528 2848 adeo
545 2799 654 2847 dirersis
669 2799 828 2860 compendiis
846 2801 1020 2861 designentur,
1037 2807 1064 2848 ut
1078 2799 1218 2851 similitudo
1228 2801 1326 2850 alteru-

226 2875 292 2916 tram
301 2880 389 2916 rocem
400 2864 519 2927 ejecerit.
536 2864 660 2915 Quamuis
673 2877 724 2916 uon
734 2863 908 2927 repudiarem,
918 2865 940 2914 si
952 2865 1054 2928 melles,
1066 2865 1229 2928 Germaniam,
1237 2866 1325 2930 quum!

717 2985 843 3076 ΝΟΜ,

258 3165 269 3191 ⁶
287 3159 437 3220 Rirenumque
448 3161 471 3204 et
483 3153 641 3216 Euphratem]
659 3153 691 3201 Id
705 3159 755 3214 est,
796 3154 828 3205 ad
845 3155 907 3204 illud
926 3155 1004 3206 Tullii
1022 3169 1070 3217 pro
1088 3155 1324 3218 Marcellumque.

226 3235 351 3291 orientem
378 3240 407 3282 et
432 3231 605 3283 occidentem.
651 3228 755 3277 uncum
795 3223 874 3280 ‘Nec
888 3243 949 3282 veru
965 3227 1180 3292 disjunctissimas
1195 3236 1277 3278 terras
1289 3232 1325 3279 ci,

227 3311 307 3362 oritur
322 3323 356 3358 err
374 3306 492 3370 Alpibus,
502 3306 526 3357 in
542 3311 615 3367 purte
634 3303 755 3355 occident·
796 3303 846 3355 tius
857 3305 1010 3368 cujusquam
1019 3304 1135 3366 passibus
1145 3305 1260 3368 potuisse
1268 3319 1328 3368 per·

226 3387 274 3438 tali
286 3385 405 3436 Rhene.
439 3384 478 3432 Ex
499 3381 595 3444 duplici
613 3379 697 3441 toute,
708 3395 755 3442 per
797 3381 891 3445 agrari,
910 3393 986 3444 quarn
1005 3380 1066 3439 tutu,
1077 3395 1127 3430 nou
1144 3381 1227 3430 dicam
1245 3381 1324 3430 cursi-

224 3465 308 3515 lacum
315 3457 756 3512 consrmrienssmuansteuscou
797 3458 852 3513 bns,
862 3455 907 3504 sed
921 3455 1035 3506 victoriis
1044 3455 1181 3507 illustratur
1192 3456 1271 3506 suut!
1282 3509 1284 3518 ¹

225 3540 358 3598 stantium,
384 3537 523 3595 Busileam,
557 3533 756 3595 Novoburgum,
828 3533 965 3584 tNecdum
986 3533 1037 3582 Dei
1046 3532 1127 3598 filius]
1146 3534 1235 3582 Nerva
1255 3535 1324 3584 enim

224 3617 379 3673 Brisiacum,
405 3613 617 3670 Argentoratum,
644 3609 755 3672 Moguo·
795 3609 907 3661 nondum
927 3609 1055 3672 ascriptus
1074 3616 1131 3661 erut
1152 3610 1221 3660 inter
1244 3611 1324 3670 Deos,

226 3691 288 3742 tium
300 3689 381 3745 alluit,
393 3686 435 3738 ubi
448 3687 562 3736 Moenum
576 3685 685 3747 recipit;
697 3691 754 3734 tuu-
794 3685 862 3750 quod
872 3685 977 3747 Traiani
990 3685 1072 3748 primu
1083 3685 1185 3747 imperii
1195 3698 1261 3734 anno
1270 3682 1323 3732 suc·

225 3765 284 3820 dem
296 3779 379 3827 prope
392 3761 548 3812 Schenkiarn
562 3774 648 3810 arcem
662 3760 687 3808 iu
704 3760 754 3808 duo
795 3767 859 3811 tum.
886 3760 945 3810 Dio.
1045 3813 1049 3822 ¹

223 3842 330 3892 machia
351 3839 495 3888 scinditur:
515 3851 623 3901 qnorum
645 3837 754 3884 alterum
826 3836 838 3870 ¹¹
856 3834 1020 3898 Germaniam]
1039 3837 1142 3896 ⁴Deesse
1162 3834 1205 3882 hic
1226 3834 1322 3896 aliquid

223 3917 339 3976 Vahalis,
357 3917 467 3965 alterurn
494 3913 578 3962 Rheni
600 3919 687 3963 servat
710 3927 754 3962 no·
794 3927 869 3972 nemo
887 3927 938 3962 uon
956 3910 1034 3960 ridet.
1068 3909 1137 3962 Quid
1155 3918 1240 3960 autem
1258 3909 1323 3964 illud

223 4006 295 4053 men,
308 3991 353 4040 uhi
372 3989 526 4052 Lugdunum
541 3988 699 4038 Batavorum
715 3987 753 4035 ul·
794 3990 837 4051 sit,
859 3990 909 4038 huc
932 4001 1011 4052 usque
1035 3988 1119 4036 nullus
1138 3985 1254 4038 divinare
1276 3999 1322 4047 po·

222 4067 282 4128 luit,
293 4073 322 4118 et
332 4067 359 4116 in
371 4080 442 4114 mare
453 4063 547 4114 influit·
572 4064 612 4112 De
621 4063 753 4125 Euphrate
794 4067 851 4119 tuit.
864 4064 1022 4122 Crediderim
1033 4062 1159 4115 excidisse
1168 4061 1321 4124 Hispaniam,

224 4143 327 4193 dicetur
337 4143 404 4191 Pau.
416 4156 448 4192 ιι.
460 4155 517 4204 cap.
526 4145 552 4190 2.
794 4155 869 4205 quam
882 4155 970 4194 rocem
982 4152 1064 4202 prope
1081 4134 1169 4197 abfuit,
1181 4143 1209 4184 ut
1221 4135 1247 4184 in
1261 4149 1322 4186 can·

258 4219 267 4254 l
289 4222 346 4270 Non
362 4220 462 4284 peditus
481 4217 571 4281 magis]
596 4216 753 4282 Respexerit
793 4223 894 4266 textum
911 4215 1070 4278 reciperem3
1088 4219 1130 4264 est
1141 4211 1322 4278 enimppniec·
