3022 4852
260 395 306 462 ab
376 389 388 410 “
583 407 632 458 ns
658 407 777 458 rursu
800 407 1044 460 rnsscrsroo
1179 475 1185 488 ⁸

264 561 378 622 orator
393 571 472 637 cap.
487 569 607 619 xxx1.
621 562 809 643 ccxxxii.
823 559 962 620 ventose
977 557 1088 636 anget,
1103 553 1181 618 dnm
1191 553 1362 620 refudisse

262 659 506 752 Imperatorem
527 657 612 723 Nilo
628 677 709 723 suar
725 656 844 740 copias
859 657 929 737 ait3
954 675 1020 722 uon
1035 641 1360 722 necessariam'esse

262 761 425 827 Romanis
440 761 530 854 illam
546 768 688 842 terrem3
710 781 811 858 posse
831 761 867 826 in
886 767 1059 845 posterum
1074 761 1192 827 Nilum
1212 760 1361 828 fluminis

171 899 173 902 ·
260 864 396 929 modum
409 869 565 945 selvere3
582 866 754 949 stupuisse
765 865 931 948 agricolas
947 865 1047 948 plens
1057 863 1187 942 horrea,
1199 884 1277 948 quae
1289 885 1359 929 non

259 967 330 1050 ipsi
345 967 573 1046 retorsissent;
598 967 784 1033 mirandum
799 986 874 1034 esse
890 966 1091 1050 Principem,
1111 969 1169 1052 qui
1184 968 1362 1032 diremtum

259 1089 395 1154 qnoque
408 1070 493 1134 mari
504 1059 711 1152 provinciam
727 1069 852 1134 alateo
867 1075 1006 1134 tueatur.
1049 1068 1137 1134 Tum
1147 1069 1278 1152 pergit:
1295 1067 1363 1132 ‘Et

260 1174 350 1238 coelo
376 1170 513 1256 quidem
537 1191 709 1256 uunquam
732 1171 918 1255 benignitas
941 1176 1044 1247 tanto.
1067 1167 1114 1236 ot·
1128 1189 1244 1236 omnes
1258 1169 1361 1240 simul

259 1282 368 1340 terras
384 1275 515 1368 ubertet
528 1273 731 1359 foveatque:
755 1274 812 1339 hic
832 1275 985 1340 omnibus
999 1273 1135 1358 pariter,
1158 1274 1189 1338 si
1211 1292 1278 1339 non
1292 1282 1362 1338 ste-

260 1376 429 1452 riltutem,
445 1382 481 1442 at
502 1378 592 1443 mala
605 1378 793 1444 sterilitatis
809 1380 987 1444 exturbat:
1010 1378 1078 1454 hic,
1102 1376 1133 1441 si
1153 1394 1218 1441 non
1230 1376 1360 1442 foecuu-

260 1479 458 1558 ditatem,.at
471 1481 564 1546 bona
574 1481 807 1546 foecuuditatis
823 1480 1002 1568 importat!
1046 1479 1135 1545 Cum
1147 1498 1207 1564 per
1222 1479 1360 1554 coelum,

259 1584 316 1648 cui
332 1583 514 1668 Trajanum
528 1584 716 1668 anteponit,
732 1585 779 1648 uil
799 1584 865 1648 uisi
886 1581 975 1648 alitis
990 1589 1027 1648 et
1041 1581 1247 1665 tempestatis
1263 1581 1360 1646 vicis·

215 1720 219 1734 ·
261 1685 421 1750 situdioes
437 1685 650 1763 intellexerit,
665 1677 784 1770 magno
797 1704 854 1752 ore
864 1686 1009 1770 jactavit
1023 1685 1070 1762 id,
1083 1683 1173 1769 quod
1187 1683 1246 1748 vix
1258 1683 1360 1748 verbo

261 1785 460 1851 efferendum
476 1793 556 1852 erat.
600 1786 645 1852 Et
661 1806 721 1852 cur
733 1787 792 1853 illa
807 1789 924 1864 addita
939 1787 1033 1854 solut:
1056 1789 1107 1852 ‘si
1119 1805 1187 1852 non
1203 1786 1361 1850 sterilita-

262 1895 344 1967 tem,
361 1890 391 1954 si
410 1909 478 1954 noo
492 1877 790 1957 foecnnoiuto'mt'
819 1889 890 1956 Ubi
905 1890 948 1956 de
969 1889 1271 1956 vicesimaprinuta
1286 1908 1359 1952 ver·

261 1992 306 2056 ba
328 1989 422 2072 facit,
445 1992 544 2062 nimis
565 1999 678 2076 auget,
700 1999 735 2057 et
757 1992 833 2077 eJ‘us
849 2012 946 2072 onus,
961 1993 1059 2076 quasi
1079 1993 1154 2076 ejus
1169 1993 1359 2058 interventu

152 2094 155 2099 ’
262 2096 375 2160 omnic
390 2095 645 2164 necessitudinis
660 2095 795 2160 vincula
810 2097 951 2179 abrupta
973 2096 1053 2174 siut,
1076 2103 1111 2160 et
1131 2095 1266 2181 Trajaui
1290 2096 1362 2160 ani-

237 2187 239 2190 ’
261 2217 364 2275 mum,
381 2197 439 2281 qui
453 2215 587 2280 sparsas
602 2204 638 2261 et
650 2197 781 2262 laceras
794 2197 1001 2281 gentilitates
1016 2197 1201 2281 collegerit,
1213 2216 1361 2262 conuex-

261 2299 324 2364 erit
339 2307 373 2362 et
387 2297 518 2362 renasci
533 2297 685 2381 jusserit.
728 2297 947 2382 lit-qnoniam
963 2300 1050 2365 idem
1065 2316 1150 2364 onus
1164 2299 1250 2364 illud
1263 2301 1362 2364 remi·

245 2407 351 2486 'serat
365 2401 465 2466 etiam
481 2399 534 2470 iis,
556 2400 614 2483 qui
635 2401 668 2465 in
686 2399 774 2464 diem
797 2401 904 2467 edicti
924 2402 1092 2480 deberent,
1114 2401 1179 2466 lroc
1197 2403 1246 2468 ita
1260 2420 1359 2485 exag-

261 2508 355 2586 gerat
367 2521 446 2586 cap.
464 2517 526 2566 xn.
541 2503 573 2568 3.
594 2503 664 2568 ‘At
676 2502 713 2566 in
729 2504 928 2594 praeteritum
943 2505 1130 2582 subvenire,
1143 2523 1191 2575 ,ne
1209 2505 1266 2570 Dii
1287 2506 1357 2588 qui·

262 2607 339 2672 dem
354 2615 513 2692 possunt:
536 2612 573 2670 tu
586 2612 698 2670 tameo
712 2606 911 2682 subvenisti,
927 2606 1127 2690 obsistique,
1143 2615 1180 2670 nt
1192 2606 1358 2672 desineret

261 2711 408 2792 quisque
435 2708 564 2784 debere,
580 2693 681 2794 ,cuod
694 2729 769 2780 non
792 2715 882 2776 esset
895 2719 1014 2793 postea
1030 2709 1216 2776 debiturus.
1240 2707 1356 2799 ‚Idem

147 2887 153 2901 .
258 2809 414 2896 ‚effecisti
437 2825 481 2874 ne
505 2809 616 2875 malos
640 2810 813 2894 principes
831 2807 1092 2880 ⁴habuissemus!
1136 2809 1228 2890 Quid
1248 2816 1361 2896 potest

262 2913 339 2980 istis
357 2912 425 2976 dici
447 2911 622 2994 ineptiost
648 2912 730 2995 quid
753 2913 939 2978 insulsius'l
983 2915 1085 2992 Etis,
1100 2916 1159 2997 qui
1173 2913 1358 2999 Trajanum

257 3015 369 3100 jactat
389 3015 480 3080 sacta
492 3033 595 3098 posse
610 3014 732 3080 inlecta
744 3013 894 3095 reddere,
910 3015 1003 3080 illico
1019 3015 1120 3083 interi
1134 3017 1281 3099 cogitur:
1308 3018 1360 3080 ‘si
1381 3063 1384 3068 -

262 3126 382 3184 natura
396 3123 573 3202 pateretur,
587 3123 687 3202 quam
701 3117 840 3182 libenter
857 3125 905 3184 tot
925 3117 1091 3202 spoliatis,
1107 3124 1160 3183 tot
1173 3117 1360 3197 trucidatis,

262 3223 459 3305 sanguinem
481 3225 516 3286 et
536 3221 625 3288 bona
643 3219 859 3286 refudissesl'
901 3217 1019 3286 Nerva
1041 3221 1171 3287 duobus
1191 3219 1361 3286 Senatori-

263 3318 327 3388 bus
356 3323 539 3388 secuudum
568 3323 789 3406 Consulatum
818 3324 1043 3390 maudaverat.
1094 3324 1195 3389 Auno
1224 3331 1361 3406 peracto

263 3424 430 3509 Trajonus
449 3423 583 3490 eosdem
599 3426 693 3490 tertio
710 3431 815 3490 ornet.
860 3422 953 3497 Audi
968 3443 1096 3509 quaeso,
1110 3426 1277 3509 quomodo
1290 3425 1361 3490 Pli-

263 3528 343 3594 nius
367 3547 398 3592 c.
413 3542 494 3590 exi.
509 3526 542 3592 9.
556 3517 640 3590 illud
653 3527 827 3592 extulerit:
849 3531 858 3562 ⁴
876 3526 1098 3607 Hominisne,'
1111 3529 1229 3611 inquit,
1244 3532 1253 3564 ‘
1269 3528 1359 3594 istud

263 3630 431 3714 ingenium
454 3631 529 3696 estt
551 3628 692 3694 hominis
715 3627 894 3715 potestasl
919 3649 1077 3696 renovare
1098 3631 1230 3714 gaudia,
1252 3630 1361 3696 redin-

265 3743 395 3817 tegrare
415 3733 718 3810 laetitiam,.unllam
737 3734 884 3818 requiem
898 3733 1169 3826 gratulationibus
1184 3733 1283 3800 dare:
1305 3753 1359 3798 oe·
1388 3719 1393 3730 ’

223 3831 227 3835 ’
265 3857 332 3921 que
350 3837 419 3902 alia
436 3835 625 3919 repetendis
647 3837 877 3904 consulatibus
896 3836 1071 3902 interualla
1085 3836 1281 3921 permittere,
1295 3835 1361 3901 uisi

265 3939 345 4003 dum
365 3935 559 4020 finiunturl'
601 3928 767 4023 Trajanus
787 3946 837 4006 ter
857 3939 940 4004 (los.
956 3938 1045 4004 duos
1065 3937 1246 4005 Senatores
1261 3939 1361 4012 tertio

267 4040 364 4106 Coss.
377 4041 466 4106 lecit.
512 4038 606 4118 Quid
622 4040 744 4106 Noster
759 4041 802 4105 ed
817 4041 917 4108 brool
943 4040 1117 4106 ‘Sinnius
1132 4042 1264 4106 tertium
1280 4059 1360 4108 cco-

268 4143 409 4209 sulatum
426 4142 568 4208 eundem
587 4143 623 4208 iu
643 4160 777 4221 aunum,
791 4143 940 4227 iuquem
955 4151 1059 4220 tunm,
1072 4144 1287 4221 contulisses,
1309 4141 1360 4207 in·

267 4247 376 4330 gentis
391 4247 501 4320 ¹animi
524 4243 656 4331 species
679 4245 873 4314 humatur!
916 4246 1013 4312 Idem
1035 4246 1195 4327 edixerat,
1218 4255 1257 4314 nt
1280 4265 1360 4316 onu-
