3112 4852
217 348 282 416 luc
585 369 618 415 c.
641 365 761 416 aarum
785 367 951 418 snouunr

215 509 247 572 5.
270 507 358 589 Ergo
377 509 581 574 sustulerant
602 509 763 587 animos,¹¹¹
785 517 820 574 et
840 510 959 594 jugum
984 515 1228 592 excusserant3
1250 529 1311 576 nec

211 611 283 694 jam
298 609 475 674 nobiscum
491 611 532 675 de
548 629 610 674 sua
624 611 784 689 libertate,
799 611 859 676 sed
875 610 916 674 de
927 617 1042 675 nnana
1057 613 1226 686 servitute,
1242 631 1314 676 cer·

217 712 354 776 tabant:
377 730 418 775 ac
433 731 474 776 ue
489 711 643 776 inducias
655 719 669 748 ¹
693 713 841 794 quidem,
853 714 918 775 nisi
931 712 1038 795 aequis
1050 713 1314 791 conditionibus

214 813 365 892 inibant3
386 811 554 896 legesque,
570 820 607 877 ut
622 813 824 896 acciperunt,
840 814 976 878 dabant.

261 911 352 984 Can.
371 927 442 976 xri.
488 914 519 976 1.
541 913 589 977 At
609 933 695 978 nunc
714 915 814 980 rediit
833 916 988 979 omuibus
1003 919 1119 990 terror,
1132 921 1168 978 et
1190 920 1314 991 metus,

217 1022 252 1079 et
272 1020 385 1079 votum
406 999 568 1096 imperata
588 1013 758 1080 faciendi.l
800 1015 929 1081 Vident
943 1015 1029 1080 enim
1048 1013 1236 1078 Romanum
1253 1015 1314 1078 du-

218 1133 303 1193 cem,
320 1133 420 1178 unum
443 1133 487 1178 ex
510 1115 578 1178 illis
602 1117 771 1180 veteribus
793 1122 826 1180 et
845 1117 977 1200 priscis,
991 1115 1113 1199 quibus
1136 1116 1315 1197 imperato-

218 1217 302 1281 rium
323 1223 464 1280 nomen⁰
487 1216 653 1281 addebant
675 1209 823 1283 contecti
837 1218 988 1282 caedibus
1004 1217 1128 1299 campi,
1143 1220 1176 1278 et
1191 1215 1317 1279 insecta

218 1317 372 1383 victoriis
397 1316 524 1382 maria!
573 1317 606 1382 2.
638 1316 836 1401 Accipimus
867 1317 1006 1382 obsides
1032 1337 1121 1399 ergo,
1146 1335 1213 1379 non
1238 1317 1316 1379 cmi-
1407 1305 1411 1308 ’

253 1545 266 1579 l
286 1547 396 1599 Voluntas
407 1549 607 1613 exequendijassc
617 1555 706 1598 nodas.
759 1583 762 1593 .

253 1608 261 1639 ⁶
278 1613 439 1663 conciliabant
449 1614 535 1678 repleti
544 1614 695 1664 caueantur
704 1614 789 1676 campi,
798 1619 821 1662 et
833 1614 910 1663 tincta
920 1627 1033 1664 caurum
1042 1611 1156 1674 mentae
1167 1610 1251 1660 nuria.

154 1945 160 1966 '
223 1947 300 1998 Obaa.
312 1946 392 1995 Notis
403 1949 540 1995 Varlornm
552 1949 738 2010 subjectae—5
758 1950 836 1998 ‘Nisa‘
852 1950 926 2011 equis
942 1945 1129 2009 conditionibus]
1145 1947 1235 1996 Hucue
1255 1961 1317 2007 ergo

221 2010 286 2060 adeo
298 2010 423 2072 iniquum,
433 2011 453 2058 si
465 2008 560 2073 eequis?
593 2013 645 2075 lta,
656 2013 716 2075 quia
728 2012 843 2075 dignatio
853 2014 968 2061 Romana
978 2021 1005 2061 et
1017 2013 1133 2074 potentia
1143 2011 1233 2073 major,
1242 2025 1318 2072 quarn

221 2083 251 2122 rit
262 2074 365 2121 barbari
376 2082 552 2136 aequarentur.
587 2075 679 2139 Neque
691 2077 758 2124 male
771 2087 858 2126 tamen
867 2076 994 2125 alterutra
1003 2075 1093 2124 vocula
1103 2075 1202 2137 rejecta
1214 2075 1318 2134 legeris,

221 2152 249 2185 uc
259 2151 289 2185 ue
299 2137 406 2185 inducias
416 2140 509 2199 quidem
519 2139 593 2200 equis
602 2139 785 2195 conditionibus,
796 2142 847 2207 rel,
859 2139 966 2188 inducias
972 2139 1073 2202 quidem,
1084 2139 1132 2188 uisi
1139 2138 1318 2187 conditionibus.

222 2201 331 2263 Dispice
343 2208 371 2250 et
381 2198 506 2250 fateberis
518 2201 611 2250 fortius
624 2203 662 2250 sic
674 2201 770 2258 efferri,
786 2205 921 2266 magisque
941 2205 1115 2266 indignanter.
1149 2203 1234 2265 Atque
1252 2201 1317 2249 adeo

222 2263 463 2328 sequentiadicuut.
478 2280 527 2314 uec
544 2279 630 2328 aequas
642 2267 803 2316 conditiones
815 2266 903 2330 fuisse,
921 2267 966 2315 sed
979 2281 1041 2330 quas
1061 2265 1091 2314 iis
1111 2265 1218 2314 lubitum
1237 2266 1320 2326 impo-

224 2325 302 2376 uere.’
319 2328 386 2392 Ls'pr.
421 2328 525 2377 Habent
534 2343 622 2377 omues
634 2330 710 2378 codd.
719 2337 748 2380 et
758 2331 883 2393 Bauuins,
900 2331 1039 2394 etquidem
1055 2331 1099 2379 alii
1111 2331 1235 2390 editores,
1252 2343 1280 2377 ue
1290 2343 1319 2377 ne

222 2391 331 2442 inducias
341 2393 444 2454 quidem.
460 2394 550 2442 ‘Bene
562 2394 588 2441 in
600 2395 714 2456 margine
724 2395 823 2444 monuit
834 2395 907 2444 crud.
920 2395 1080 2446 Perizonius.
1099 2395 1162 2442 nibil
1174 2393 1256 2441 videri
1269 2407 1320 2440 uru-

224 2455 341 2518 tanduru,
352 2457 420 2520 qnod
432 2459 471 2505 bae
483 2464 570 2506 essent
582 2471 664 2522 equae
676 2458 848 2514 conditiones,
861 2459 931 2522 leges
942 2470 1031 2508 murno
1041 2457 1122 2507 dare!
1132 2459 1218 2507 Arata.
1235 2457 1320 2506 Paulo

226 2535 257 2569 uu
262 2528 287 2570 te
297 2524 354 2572 cod.
364 2521 478 2584 Gnelplr.
489 2521 604 2578 exhibet,
612 2521 733 2583 trijugum
739 2529 900 2572 excusserunt.

253 2587 321 2635 cir.
334 2598 386 2634 ιιι.
421 2591 433 2634 l
452 2593 459 2614 ⁴
474 2587 560 2634 Terror
570 2591 595 2636 et
605 2588 689 2650 cretus]
701 2587 795 2638 Quid?
813 2594 875 2636 utne
886 2588 974 2635 hostes
986 2599 1032 2634 uos
1044 2586 1181 2635 terreant?
1194 2584 1297 2632 minime
1308 2599 1316 2644 ;

223 2649 269 2699 sed
283 2656 366 2697 terror
378 2666 393 2698 a
404 2649 477 2698 uobis
487 2650 519 2700 ad
533 2651 603 2713 ipsos
615 2651 695 2707 veuit,
706 2651 855 2714 habentque
865 2659 891 2699 et
901 2665 952 2700 uua
962 2659 1068 2700 metum.
1085 2649 1129 2698 Sic
1141 2647 1208 2697 inira
1215 2649 1319 2710 jungit:

222 2715 336 2777 ‘Neque
346 2717 412 2763 enirn
421 2715 506 2765 adhuc
513 2715 614 2775 ignavia
621 2715 794 2775 cessavimus;
808 2725 890 2764 terror
900 2724 927 2764 et
935 2723 1020 2764 metus
1029 2715 1168 2762 monebunt
1177 2727 1193 2760 a
1202 2727 1257 2775 rep.
1267 2714 1319 2760 ani-

222 2793 278 2827 mos
291 2778 486 2828 averteremus!
518 2778 642 2843 Alioquin
665 2780 771 2828 labe-bar
787 2781 882 2839 legere,
898 2779 1003 2827 omnibus
1018 2779 1090 2827 terris
1106 2783 1130 2826 et
1146 2781 1221 2826 metu·
1236 2782 1269 2836 et,
1279 2779 1319 2838 εἷο.

221 2841 267 2890 sed
281 2851 355 2905 puto,
373 2841 495 2891 labebar!
511 2843 579 2904 Lipc.
612 2842 690 2891 ‘Nou
709 2842 843 2892 offendere
862 2845 975 2905 lipsium
986 2841 1102 2890 debebat
1113 2841 1252 2889 cumulatio
1265 2854 1321 2887 rer-

222 2905 321 2953 borum.
354 2905 437 2953 lnrmo
448 2906 579 2952 consilium
597 2908 706 2954 oratoris
719 2907 877 2968 postulabat,
896 2914 925 2954 ut
942 2904 1058 2968 pluribus
1071 2905 1156 2954 verbis
1174 2904 1263 2967 positia
1275 2904 1321 2951 iur-

222 2975 370 3017 moraretur
387 2969 433 3024 rei,
451 2969 561 3028 ideoque
579 2976 607 3017 et
625 2970 796 3032 polysyndetu
814 2983 876 3018 usus
892 2977 940 3018 est.
973 2970 1108 3019 Praeterea
1120 2975 1197 3017 terror
1208 2975 1235 3015 et
1246 2972 1321 3016 melas

223 3029 364 3091 differunt3
377 3033 419 3081 ille
430 3033 498 3081 euiru
510 3033 542 3080 ad
555 3033 622 3081 mala
634 3035 779 3096 praesentia,
798 3033 839 3082 hio
851 3034 883 3082 ad
895 3030 984 3083 statura
996 3033 1117 3094 pertinet·
1151 3031 1191 3081 cf.
1202 3044 1278 3080 nxvr.
1289 3031 1322 3078 a:

224 3097 323 3158 Gierig.
362 3097 434 3146 Videt
444 3097 506 3145 esim
514 3097 573 3147 cod.
583 3097 679 3145 Vener.
690 3105 717 3146 et
729 3098 851 3147 Beroald.
883 3099 891 3126 ‘
904 3097 1113 3156 Insectacicturits
1121 3096 1209 3158 macic]
1225 3093 1321 3144 Scboel.

224 3161 292 3224 conj.
312 3161 400 3220 insecta
418 3162 546 3210 emmam.
580 3163 625 3210 Me
643 3176 705 3210 aero
724 3162 749 3209 iu
771 3162 890 3214 Pliniana
904 3162 1004 3223 Paneg.
1019 3162 1096 3210 naama
1113 3160 1221 3209 uictoriis
1235 3159 1323 3218 iqsecta

223 3226 329 3275 minime
345 3224 489 3274 offendunt.
523 3226 632 3286 Contra,
643 3226 744 3274 triviale
759 3225 833 3284 illud,
843 3225 965 3274 amatu
975 3225 1072 3287 infectu,
1083 3224 1188 3272 minime
1200 3224 1322 3270 convenit

223 3289 336 3352 poetico,
357 3291 462 3344 conterati
482 3289 602 3338 cedibus!
627 3290 780 3354 (lierigkt
806 3290 944 3353 Accepimus
969 3289 1059 3339 obsides
1081 3287 1157 3338 codd.
1178 3286 1271 3337 salisb.
1294 3293 1322 3335 et

717 3480 826 3531 NOTAE

256 3615 274 3642 ¹⁰
290 3607 442 3658 Sustulercat
463 3609 565 3672 caimos]
598 3609 673 3666 Daci.
693 3611 754 3660 Sar·
795 3611 1044 3662 conclamabantur:
1067 3625 1143 3673 quarn
1171 3609 1325 3673 appellatio-

226 3693 314 3746 nratoe,
326 3684 423 3740 Catthi,
434 3684 482 3733 sub
500 3685 658 3734 Domitiano.
706 3729 718 3742 ,,
795 3701 853 3736 uem
877 3695 982 3736 senatus
1004 3684 1181 3746 confirmabat,
1202 3684 1223 3732 ai
1248 3684 1324 3731 modo

255 3771 268 3796 ²¹
286 3760 501 3824 lndaca'chVarro
512 3762 618 3823 ‘pacem
638 3765 754 3810 castren·
790 3763 864 3825 jueta
875 3761 985 3810 victoria
1001 3767 1101 3810 certum
1113 3758 1224 3808 hostiurn
1235 3772 1323 3806 uuure·

224 3854 279 3890 rem
300 3828 441 3902 pancorum
461 3835 561 3885 dieram
584 3843 612 3884 et
634 3835 697 3886 belli
715 3836 753 3886 le·
794 3853 849 3888 ram
865 3836 1069 3888 interfecissent.
1102 3834 1154 3884 Sed
1167 3833 1217 3883 alio
1233 3841 1323 3897 postea

224 3914 296 3979 riaa,'
308 3913 427 3965 Gelliua‘
439 3913 610 3963 cessationem
620 3911 682 3962 belli
693 3927 753 3977 pac·
794 3929 872 3964 seusu
887 3915 1056 3978 imperatores
1074 3909 1139 3960 dicti
1157 3916 1227 3973 crint,
1245 3923 1324 3972 penes

168 4013 171 4022 ,
226 3989 423 4039 titiam'vocat.
794 3984 1325 4060 quossnmmarepumomniumesaetpo·

257 4073 269 4098 ⁰
288 4064 469 4128 lupos-utorium
478 4061 572 4126 acm]
583 4064 671 4112 Duces
679 4077 753 4112 exer·
796 4071 888 4127 testes,
901 4072 930 4114 ut
940 4069 1017 4116 ,notat
1027 4063 1162 4126 Appianas
1173 4061 1199 4110 iu
1211 4061 1327 4110 Prooem.

202 4177 207 4186 ,
226 4140 325 4190 cliuum
342 4154 370 4190 re
382 4140 447 4189 bene
463 4147 549 4203 gesta,
559 4138 653 4203 gaudio
664 4144 692 4188 et
707 4139 753 4188 iru-
794 4141 902 4190 Hister.

226 4228 289 4286 peta
311 4217 416 4268 victoris
434 4219 563 4268 exercitur
585 4217 753 4280 imperatores
