3112 4852
227 315 293 382 240
585 331 617 377 c.
642 325 950 376 antrustionum

226 475 315 560 q'uod
331 457 443 538 deberi
458 491 521 538 non
538 479 598 540 tuo
619 474 748 538 saeculo
761 478 926 555 coeperat·
969 474 1003 536 5.
1025 472 1125 552 Alius
1151 480 1189 536 ut
1207 481 1324 540 contn-
1423 525 1430 536 .

224 577 400 642 macibus⁶
431 577 637 653 irasceretur,
668 575 922 658 tarditatemque
946 574 1111 652 solvendi,
1140 574 1247 658 dupli,
1271 578 1325 641 vel

225 679 325 742 etiam
341 676 532 760 quadrupli,
547 676 747 757 irrogatione
758 677 955 740 mulctaret:
978 682 1014 741 tn
1029 677 1111 740 nihil
1127 677 1245 741 referre
1260 678 1323 741 ini-

223 779 360 861 quitatis
375 777 561 854 existimas,
588 777 706 859 exigas
730 776 820 860 quod
844 777 961 842 deberi
983 797 1049 841 non
1068 779 1264 862 oportuerit,
1281 799 1324 844 an

224 880 410 944 constituas
427 885 463 943 ut
475 877 645 944 debeatur.
955 945 959 950 ,

265 980 356 1045 Cur.
371 995 451 1043 xnr.
474 981 508 1044 1.
522 980 632 1056 Feres,
647 976 913 1056 Camasenae
925 984 960 1044 et
972 981 1223 1045 solicitudinem
1238 1001 1322 1046 con-

223 1084 382 1148 sularem:
405 1102 482 1146 nam
504 1081 586 1146 mihi
611 1083 781 1164 cogitanti,
803 1083 945 1146 eundem
969 1088 1001 1146 te
1023 1083 1248 1148 collationas⁸
1269 1104 1321 1148 re·

222 1185 368 1261 misisse,
383 1181 598 1248 donativum¹²
614 1184 813 1263 reddidisse,
828 1185 1030 1268 congiarium
1043 1185 1216 1262 obtulisse,
1232 1184 1322 1249 dela·

221 1298 313 1350 tores
330 1285 492 1368 abegisse,
509 1285 687 1367 vectigalia
706 1293 930 1370 temperass03
951 1287 1203 1368 interrogandus
1225 1287 1319 1351 vide·

221 1390 278 1464 rie,
300 1387 426 1450 satisne
447 1388 698 1470 computaveris
720 1387 849 1471 imperii
874 1388 1009 1465 reditus,
1032 1408 1074 1451 an
1100 1394 1211 1452 tantas
1235 1389 1322 1452 vires
1377 1427 1381 1432 -

218 1483 342 1552 babeat
356 1488 526 1571 frugalitas
540 1489 714 1572 principis,
729 1495 767 1552 ut
782 1495 834 1553 tot
848 1488 1042 1572 impendiis,
1057 1496 1107 1554 tot
1118 1490 1318 1571 erogationi·

219 1595 296 1667 bus,
314 1591 390 1654 sola
404 1591 572 1655 sufficiat?
615 1590 646 1654 2.
670 1589 761 1653 Nam
777 1590 857 1673 quid
871 1597 925 1655 est
939 1610 1066 1667 causae,
1082 1592 1235 1655 curaliis
1250 1593 1322 1674 qui-

220 1691 306 1765 dem,
319 1710 395 1754 cum
409 1692 523 1754 omnia
535 1697 702 1774 raperent,
717 1699 752 1754 et
767 1696 862 1774 rapta
875 1693 1060 1770 retinerent,
1077 1698 1117 1755 ut
1133 1693 1162 1756 si
1174 1693 1254 1756 nihil
1270 1713 1322 1756 ra-

220 1791 384 1874 puissent,
400 1793 480 1856 nihil
494 1793 722 1868 retinuissent,
736 1792 905 1856 defuerint
920 1794 1050 1857 omnia:
1074 1794 1147 1869 tibi,
1162 1813 1237 1856 cum
1252 1800 1320 1856 tam

219 1892 323 1958 multa
336 1893 502 1977 largiaris,
515 1899 549 1958 et
564 1893 646 1956 nihil
658 1894 803 1970 auferas„
819 1895 933 1958 omnia
943 1895 1110 1976 supersint
1123 1893 1138 1955 l
1167 1894 1200 1959 3.
1224 1893 1258 1956 N
1260 1913 1321 1956 un·

682 2071 757 2092 nne
760 2071 816 2092 mo
819 2072 863 2092 000

253 2186 319 2234 car.
332 2197 388 2234 ιιι.
423 2190 435 2234 l
457 2187 550 2245 Ferrea,
566 2200 617 2235 non
638 2186 717 2248 Feres,
728 2186 819 2235 scribit
831 2187 907 2234 Voss.
920 2199 995 2250 quam
1006 2183 1114 2234 eandem
1128 2185 1284 2246 scripturam
1295 2185 1320 2233 iu

220 2250 282 2299 Aru.
294 2263 350 2296 esse
362 2257 449 2298 monet
460 2251 558 2298 Heam·
598 2251 671 2310 Mox,
680 2251 810 2310 vectigalia
820 2265 943 2312 reparasse
954 2251 1012 2298 cod.
1021 2251 1117 2298 Pater.
1126 2257 1153 2298 et
1166 2251 1320 2313 paulopost,

220 2313 419 2362 incedameod.
436 2329 467 2362 ua
487 2319 635 2362 temtantes
653 2315 716 2361 eires
737 2313 807 2362 habet
819 2315 964 2374 frugalitas.
998 2313 1081 2362 codd.
1101 2314 1171 2361 Vatt.
1190 2317 1213 2361 1.
1223 2317 1248 2362 2.
1261 2317 1319 2364 Μ.

219 2379 305 2426 Paris.
318 2378 413 2426 Vener.
424 2385 453 2426 et
470 2378 645 2427 Scltvaraian.
659 2378 736 2426 etiam
749 2377 827 2427 habet.
861 2379 892 2426 ln
905 2377 1121 2440 subsequentibus
1131 2376 1225 2436 verbis,
1235 2376 1320 2426 Paris.

220 2443 283 2490 uoltu
300 2441 420 2506 sufficiun
439 2442 531 2490 Sallab.
549 2443 599 2491 scin
618 2443 794 2506 sufficeret-‘2
820 2442 907 2490 ‘Post
928 2443 1007 2489 rerba
1022 2447 1049 2490 ut
1065 2441 1087 2489 si
1104 2442 1164 2492 nihil
1178 2441 1322 2503 rapuissent,
1360 2494 1363 2499 ,

218 2507 275 2554 hac
293 2507 391 2554 inserta
402 2505 508 2554 edidere
519 2507 702 2568 cuspinianus,
720 2507 929 2561 Frischmanuus,
948 2505 1074 2564 Hackius,
1086 2504 1144 2555 Jac.
1158 2505 1190 2554 de
1201 2507 1226 2553 la
1238 2505 1321 2554 Barrn.

219 2571 268 2620 Tu.
286 2570 387 2620 Hearn.
403 2570 466 2618 nihil
479 2571 644 2620 detinuissent.
687 2571 741 2619 Pro
757 2571 859 2634 quibus,
878 2571 1028 2624 Rhenanus,
1048 2569 1190 2632 Gryplrius,
1209 2570 1320 2632 Lipsius,

218 2635 358 2695 Gruterus,
377 2635 547 2695 Parisienses,
563 2635 678 2683 Patarol.
696 2635 746 2684 leri
760 2635 903 2684 mutatione
923 2634 1079 2696 evulgarunt
1090 2633 1320 2682 aitilretirmr'ssent.

218 2699 301 2750 Quam
315 2700 453 2748 lectionem
466 2701 544 2748 etiam
559 2700 697 2754 Livineius,
707 2699 862 2762 Stephanus,
874 2706 901 2747 et
913 2699 1031 2759 Riviuus,
1048 2697 1155 2760 margini
1171 2697 1320 2759 adjunxere.

219 2763 276 2810 Etsi
289 2778 352 2810 vero
364 2763 468 2813 codices
485 2764 550 2812 Mas.
564 2763 717 2812 Parisiensis
734 2770 762 2812 et
779 2772 867 2812 noster
884 2764 947 2811 istas
963 2764 1026 2810 duas
1038 2775 1116 2810 voces
1127 2763 1263 2822 omittant;
1282 2769 1319 2809 ta-

219 2841 277 2873 men
291 2836 351 2890 post
362 2828 478 2886 verbum,
489 2829 593 2890 auferes,
609 2827 655 2874 has
674 2827 800 2886 inserunt,
810 2832 837 2876 at
846 2828 869 2875 ri
879 2827 942 2874 uilrr'l
957 2826 1081 2887 largiaris,
1092 2831 1115 2873 et
1126 2826 1221 2885 auferas
1232 2825 1319 2878 munia.

219 2890 297 2938 Prius
307 2891 514 2952 supplementum
528 2905 577 2937 nou
588 2889 769 2952 improbamus.
793 2891 870 2942 Quod
883 2891 914 2938 ad
928 2891 1056 2952 posterius
1064 2890 1169 2949 attinet,
1178 2890 1203 2936 id
1216 2891 1319 2951 quidem

219 2955 298 3002 etiam
312 2955 335 3001 in
348 2954 429 3015 primo
440 2953 521 3003 (ludii
538 2955 615 3012 libro,
632 2954 803 3016 steriliterque
820 2969 835 3002 a
851 2954 908 3003 Jos.
924 2953 1065 3016 Scaligero,
1082 2952 1132 3002 fuit
1151 2961 1319 3012 annotatum;

218 3017 340 3081 idemque
356 3018 411 3080 jam
430 3018 514 3067 edidit
532 3017 715 3080 cuspinianus,
736 3033 798 3066 voce
814 3018 893 3066 omniu
913 3018 1003 3065 saltem
1023 3019 1100 3065 semel
1113 3019 1215 3067 omissa.
1258 3019 1318 3068 Jam

218 3083 279 3130 licet
300 3081 446 3138 admittam,
460 3084 497 3131 sic
509 3082 711 3130 concinnitatem
725 3081 834 3145 periodi,
853 3096 922 3130 more
943 3090 1060 3130 veterum
1081 3082 1262 3145 sophistarum,
1281 3084 1318 3130 ri·

218 3146 274 3194 deri
288 3148 428 3209 pleniorem
441 3145 513 3206 fieri;
530 3148 608 3194 ullrllo
626 3147 708 3194 mium
727 3155 824 3206 tamen,
836 3161 895 3194 cnm
914 3147 1044 3194 sententia
1062 3145 1137 3210 niquis
1156 3145 1210 3194 fare
1227 3156 1319 3198 arsrrta

218 3210 280 3260 binc
307 3209 449 3274 frigescere
472 3213 599 3266 videatur,
623 3225 782 3274 magnopere
805 3225 905 3266 vereor,
934 3225 967 3258 ue
994 3211 1050 3258 hec
1074 3211 1203 3272 posterior
1225 3211 1319 3259 lacinia

725 3381 833 3432 NO'l'AE

251 3491 467 3555 conclamacione]
478 3491 653 3542 coddelud.
664 3492 747 3541 ‘Com
789 3493 853 3541 rium
872 3508 917 3542 seu
936 3493 1004 3544 dona
1023 3481 1212 3557 initio'imperii
1228 3510 1243 3544 a
1261 3509 1319 3558 pro·

218 3573 308 3616 trrmax
325 3567 368 3630 qui
387 3567 470 3615 tribus
490 3568 580 3616 edictis
599 3567 749 3629 propositis,
790 3566 880 3616 vinciis
900 3568 1011 3617 conferri
1028 3570 1114 3619 solita.
1154 3569 1195 3618 De
1212 3570 1317 3620 ,iuliano

217 3645 259 3692 vel
271 3657 321 3692 uno
333 3643 488 3706 peremtoria
501 3651 622 3691 evocatus
636 3657 748 3704 praeseu·
789 3642 939 3692 Ammianus
958 3657 1027 3694 xxv.
1048 3649 1088 3693 14.
1120 3646 1128 3673 ‘
1148 3645 1317 3694 Coronarium

217 3720 281 3767 tiam
294 3719 333 3767 sni
344 3731 394 3768 uon
405 3715 485 3766 lacit!
518 3717 564 3774 Hi,
575 3726 602 3766 et
612 3718 656 3781 qui
664 3717 690 3765 iu
699 3719 748 3766 sol·
788 3717 915 3769 indultum
924 3724 952 3770 et
963 3723 1068 3770 remissa
1076 3721 1166 3772 debita
1175 3722 1318 3771 multadiu·

216 3794 302 3844 vendo
311 3793 379 3843 tardi
388 3801 483 3856 esseut,
493 3793 565 3857 dupli
573 3801 601 3843 et
608 3793 748 3858 quadrupli
789 3794 932 3858 turuitate,'
943 3799 992 3845 &a
1010 3795 1126 3858 idipsum
1138 3796 1171 3844 de
1184 3796 1318 3845 Hadriano

216 3871 377 3934 irrogatione
389 3870 593 3920 mulctabantur.
789 3873 951 3936 Spartianus,
963 3871 1126 3935 Capitolinus
1139 3871 1172 3921 de
1185 3869 1318 3922 Antonino

250 3944 356 4008 ‘Fessa
379 3947 473 4010 Coesnr]
497 3946 536 3994 Tu
557 3947 645 4008 itaque
664 3946 749 3995 erarii
790 3949 838 3997 Pio
852 3948 941 3998 refert.
974 3950 1017 3996 De
1029 3960 1091 3996 auro
1105 3948 1242 3997 coronario
1261 3947 1318 3996 dlxi

217 4033 317 4083 euram,
327 4037 403 4086 quarn
415 4036 507 4084 gerare
516 4023 604 4069 consul
615 4020 709 4083 debeo,
721 4022 748 4070 in
792 4037 870 4086 supra
882 4037 939 4086 cap.
952 4035 1023 4072 xvir.
1034 4029 1089 4072 not.
1098 4031 1118 4072 ⁰.

218 4103 244 4144 te
261 4098 425 4146 transtulisti.
820 4097 833 4131 ¹¹
849 4098 1008 4161 Doautieum]
1024 4098 1106 4148 Certa
1123 4098 1241 4161 pecunia
1251 4113 1318 4147 sum·

162 4229 163 4234 Ἰ
250 4170 436 4234 tordatione]
454 4172 525 4224 Puta
541 4185 631 4222 aarum
643 4185 748 4222 corona·
788 4188 839 4238 ma,
858 4189 935 4238 quam
955 4174 1097 4238 imperator
1108 4174 1150 4224 rel
1161 4187 1222 4225 cnm
1240 4174 1319 4226 intret
