3050 4842
15 755 21 823 i

442 436 493 485 uo
517 435 797 484 rtunortttottu
822 437 959 484 rtrum.
1183 424 1248 496 421

154 574 252 626 Contra
273 587 333 622 vero
349 573 453 624 diversa
471 587 575 638 prorsus
592 581 619 624 et
640 582 758 626 amente
777 575 886 626 oratoris
903 576 988 625 aliena
1005 575 1096 626 existit
1108 579 1248 643 sententia,

153 653 177 702 si
200 653 374 716 particulari
396 655 437 704 liic
455 655 680 718 praetermittatur.
722 655 826 705 Plinius
846 656 966 706 nimirum
993 657 1092 720 aliquot
1112 659 1247 722 conjungit

153 732 277 794 rationes,
291 733 384 796 quibus
402 733 524 784 inductus
545 734 699 784 identidem.
712 735 819 786 aliorum
839 736 986 799 principum
1004 735 1158 786 malefacta
1177 753 1246 787 oom-

149 813 312 873 memorarit,
323 822 401 877 atque
416 829 475 862 cunt
492 814 568 864 rebus
581 815 661 878 gestis
675 814 863 880 virtutibusque
880 816 986 878 Trajani
1004 817 1176 880 compararit;
1193 820 1246 881 pri·

150 907 220 944 mum
233 907 336 956 nempe,
352 902 381 943 ut
393 894 553 954 ortenderet,
565 910 640 958 quam
653 895 787 959 sapienter
804 897 929 960 Trajeons
939 909 1034 959 pravas
1051 897 1165 960 priorum
1182 905 1247 948 tem-

150 987 242 1037 porum
255 973 455 1024 consuetudines
464 976 610 1024 correxerit
622 991 629 1036 ι
648 976 752 1033 deinde,
769 977 847 1040 quod,
858 977 937 1026 etiam
952 985 1064 1038 excepto
1075 977 1122 1026 hoo
1134 992 1206 1041 oasu,
1217 985 1246 1028 et

149 1061 247 1117 prater
263 1055 329 1104 liano
342 1055 479 1116 rationem,
491 1056 635 1118 generatim
651 1056 746 1119 quaevis
756 1057 813 1106 lans
826 1071 858 1105 ex
870 1056 1065 1120 comparatione
1080 1057 1178 1119 gratior
1188 1060 1245 1120 pul-

149 1134 428 1198 onriorqaeexsmgas.
461 1135 611 1199 Sequuntur
622 1135 747 1198 deinceps
763 1137 820 1185 aliae
833 1137 954 1186 rationes.
987 1137 1032 1186 Sio
1050 1137 1118 1186 idem
1133 1137 1243 1200 Plinius,

148 1213 228 1264 etiam
246 1214 318 1274 alibi,
331 1214 373 1264 ubi
386 1214 450 1265 duas
470 1215 609 1279 pluresque
629 1213 784 1276 olo-samios,
800 1216 854 1265 siue
871 1216 997 1277 rationes,
1009 1220 1037 1265 et
1049 1216 1176 1279 quandam
1189 1218 1244 1282 qui·

112 1309 115 1312 ·
148 1294 208 1344 dem
227 1295 253 1342 in
270 1295 438 1358 sequentibus
450 1294 536 1344 verbis
548 1296 732 1358 generaliorem
744 1295 885 1352 connectit,
896 1296 935 1345 lais
952 1296 1097 1358 conjunctis
1109 1297 1243 1360 particulis

147 1375 187 1424 tttl
198 1375 281 1434 solet3
299 1389 323 1424 v.
336 1390 361 1438 g.
379 1375 405 1424 io
418 1376 518 1438 Partes.
532 1388 595 1425 att.
606 1379 631 1426 t.
647 1376 731 1426 ‘Ideo
747 1391 797 1427 noo
812 1390 947 1426 censuram
960 1375 1054 1439 adhuc,
1069 1391 1121 1427 non
1133 1375 1243 1440 prefec-

147 1461 231 1504 turam
243 1469 352 1516 morum,
362 1455 499 1516 recepisti;
516 1456 578 1519 quia
589 1456 637 1505 tibi
654 1455 781 1506 beneficio
798 1457 895 1520 potius,
907 1471 982 1521 quem
998 1456 1128 1520 remediis,
1139 1459 1242 1520 ingenia

141 1542 238 1596 ‚nostra
248 1535 362 1598 experiri
375 1535 471 1597 placet·
505 1535 540 1584 Et
550 1535 672 1600 alioquin,
684 1536 715 1601 (i.
727 1551 750 1587 e.
762 1545 790 1586 et
800 1537 861 1586 licet
873 1539 919 1586 ltoc
932 1551 984 1586 ooo
999 1546 1078 1594 erret,
1088 1543 1133 1586 ortt
1144 1544 1242 1601 praeter

140 1616 212 1672 ,itanc
221 1613 372 1678 rationem)
381 1615 476 1670 nescio.
484 1629 515 1665 an
529 1617 585 1680 plus
597 1617 708 1667 moribus
718 1617 838 1668 conferat
849 1618 979 1682 princeps,
989 1617 1121 1682 quibonos
1131 1618 1240 1680 patitur,

145 1710 222 1759 qoam
240 1695 284 1760 qui
298 1695 388 1758 cogit!
421 1695 472 1745 Ubi
492 1695 554 1746 istas
570 1699 709 1760 particolar
725 1703 749 1748 et
763 1700 869 1763 alioquin
887 1698 1051 1750 Germanicis
1069 1698 1154 1748 verbis
1172 1712 1242 1747 oom-

144 1775 222 1828 mode
239 1774 350 1826 reddere
361 1776 453 1838 possis,
468 1775 544 1824 Ueier
553 1777 638 1834 dieser,
651 1778 691 1826 rel
703 1794 732 1828 art
743 1781 803 1835 deut,
814 1795 840 1829 ιι
850 1779 920 1828 meist
935 1779 974 1828 icit
984 1779 1060 1840 nicil,
1071 1778 1100 1826 ob
1113 1778 1190 1840 alell,
1199 1780 1240 1841 irc.

143 1856 173 1906 st
189 1855 278 1904 demas
294 1856 411 1919 copulam
422 1860 456 1912 et,
469 1855 603 1906 obscurior
615 1857 743 1911 efficietur
758 1860 851 1920 oratio,
863 1866 891 1908 et
901 1858 1041 1918 haesitabis,
1051 1873 1085 1907 au
1100 1864 1163 1907 tuno
1182 1871 1240 1919 par·

143 1935 224 1986 tiouls
242 1935 297 1986 sola
311 1935 416 1999 alioquin
435 1937 592 1987 Germanice
613 1939 687 1989 reddi
709 1939 817 2002 debeat,
836 1939 966 1999 soiedrigen
986 1939 1071 1996 Folls,·
1094 1937 1154 1986 inde
1177 1949 1239 1985 vero

142 2015 227 2066 minus
243 2023 319 2079 aptus
338 2017 412 2078 hujus
430 2017 569 2066 sententia
590 2032 672 2066 nexus
691 2019 796 2067 existet.
834 2019 919 2065 Porro
941 2029 1042 2066 nxvttt.
1055 2020 1079 2064 7.
1098 2015 1194 2070 ‘Nam
1217 2015 1238 2063 si

142 2096 235 2146 eadem
247 2110 311 2144 oure
322 2095 474 2158 hostiaque
492 2096 565 2143 malis
576 2101 661 2157 erset3
679 2110 755 2159 qoam
774 2095 869 2160 ubique
887 2094 1083 2144 admirationem
1102 2095 1149 2149 tui,
1169 2094 1237 2158 qood

49 2221 52 2228 .
143 2176 266 2240 gaudium
279 2175 530 2238 exultationemque,
540 2173 750 2237 deprehenderet
760 2177 766 2223 !
778 2209 802 2226 ..
816 2208 823 2223 .
835 2175 933 2235 Scires,
946 2173 1102 2223 mollissimis
1115 2175 1165 2222 illis
1176 2176 1242 2224 anri·

141 2255 191 2305 but
203 2255 287 2318 parci;
306 2262 333 2304 et
352 2255 473 2317 alioquin,
495 2267 551 2302 com
569 2255 621 2303 sint
637 2254 724 2305 odium
743 2270 866 2320 amorque
882 2255 1023 2316 contraria,
1042 2255 1089 2303 hoc
1111 2269 1236 2319 perquam

142 2336 226 2386 simile
234 2336 345 2395 lrabeat;
362 2335 430 2399 quod
442 2334 478 2383 ihl
490 2335 705 2398 intemperantius
717 2351 832 2386 amamus
842 2336 924 2386 bouos
936 2335 1074 2397 principes,
1087 2335 1131 2383 ubi
1144 2335 1237 2384 libera·

140 2416 191 2464 lius
203 2417 282 2464 malos
293 2414 412 2464 odimus!
428 2413 502 2464 Idem
516 2429 580 2465 m.
592 2420 617 2464 9.
633 2418 797 2467 ‘Provinciis
807 2431 908 2481 quoqne
917 2416 942 2464 io
955 2422 1095 2478 posterum,
1109 2424 1136 2463 et
1146 2415 1235 2477 injuri·

139 2511 214 2546 arum
226 2501 331 2552 metum,
340 2499 369 2543 et
378 2494 518 2544 accusandi
530 2496 714 2544 necessitatem
727 2496 857 2545 remisisti.
892 2496 968 2550 Nam,
981 2497 1001 2542 si
1013 2493 1167 2557 profuerint,
1180 2495 1235 2557 qui·

140 2576 190 2626 bus
203 2575 298 2639 gratias
309 2575 420 2637 egerint,
431 2573 463 2622 de
475 2574 545 2624 nnllo
556 2575 628 2638 queri
640 2580 775 2638 cogentur.
810 2575 843 2623 Et
856 2573 966 2637 alioquin
983 2573 1044 2624 nihil
1063 2573 1145 2635 magis
1157 2574 1234 2634 prod·

139 2662 181 2705 est
201 2652 337 2704 candidato
355 2653 386 2702 ad
405 2659 543 2718 sequentes
562 2654 681 2710 honores,
698 2668 775 2717 quam
794 2660 914 2717 peractus
934 2651 1032 2715 optime
1052 2651 1234 2714 magistratus!

138 2735 214 2784 Idem
227 2734 312 2796 Epist.
325 2747 355 2782 ιι.
366 2737 391 2782 9.
404 2736 427 2781 1.
445 2730 562 2781 ‘Afficior
573 2747 645 2793 eura,
657 2739 694 2794 et,
704 2747 779 2797 quatu
792 2746 890 2796 prome
902 2730 1091 2779 solicitudinem
1106 2744 1157 2778 nou
1170 2729 1232 2794 adii,

138 2815 212 2879 quasi
225 2829 273 2877 pro
286 2827 328 2861 me
338 2813 422 2861 altero
437 2813 536 2875 patior3
554 2819 581 2862 et
594 2813 707 2876 alioquin
725 2827 797 2861 meus
817 2811 910 2875 pudor,
923 2825 979 2860 mea
996 2809 1162 2864 existimatio.
1175 2824 1234 2858 ntea

138 2894 252 2958 dignitas
264 2894 290 2942 in
302 2893 439 2940 discrimen
452 2891 606 2940 adducitur.’
622 2905 672 2942 ιιι.
683 2896 708 2940 u.
721 2896 761 2940 16.
777 2891 904 2944 ‘Quisiut
916 2890 951 2954 iri,
963 2890 1027 2939 adeo
1040 2896 1127 2937 notum
1139 2903 1232 2952 proro-

137 2980 277 3036 catomqoe
296 2981 346 3032 ert,
361 2976 389 3020 ut
401 2971 624 3022 demonstratione
641 2986 691 3022 noo
703 2979 816 3034 egeant:
834 2979 863 3020 et
874 2971 968 3034 alioqui
979 2969 1116 3019 immodice
1134 2969 1231 3032 episto-

136 3053 187 3105 lam
206 3049 332 3102 extendi!
365 3051 431 3102 Quot
445 3063 503 3099 cum
517 3050 551 3100 ito
567 3051 629 3112 aiot,
639 3050 774 3100 (leonatus
786 3049 937 3114 particulam
953 3054 976 3098 et
989 3048 1097 3110 recepit,
1110 3048 1231 3110 repetitis

134 3132 231 3185 nostris
247 3131 382 3193 exemplis,
392 3137 420 3180 et
435 3131 483 3181 liae
495 3129 583 3180 addita
595 3132 779 3180 annotatione:
798 3130 848 3178 ‘Et
858 3137 931 3179 recte
948 3127 1081 3191 reponitur
1092 3141 1106 3174 a
1116 3127 1231 3174 Schwar-

133 3215 184 3268 aio.
218 3212 262 3262 Sic
274 3225 337 3262 ιιι.
348 3213 372 3259 t.
385 3223 486 3261 txvut.
499 3213 522 3258 7.
534 3223 598 3260 txx.
611 3214 635 3258 8.
647 3218 674 3258 et
686 3211 772 3273 Epist.
786 3223 818 3258 tr.
831 3213 855 3258 u.
868 3213 892 3257 1.
925 3209 953 3257 Si
972 3207 1039 3255 eoim
1057 3204 1134 3265 abrit,
1152 3207 1230 3269 plane

134 3294 199 3343 alius
209 3298 237 3340 et
249 3290 393 3342 contrarius
402 3303 492 3338 sensus
503 3288 610 3341 existit?
637 3289 677 3340 Cl.
687 3287 845 3338 Arntaenius
854 3292 940 3336 autem
952 3285 1035 3334 noluit
1045 3283 1104 3332 linio
1115 3284 1230 3346 particu-

134 3374 179 3428 la,
190 3377 282 3422 contro
298 3383 450 3420 consensum
462 3368 632 3432 entiquitatis.
643 3369 729 3420 locum
748 3368 811 3418 dare
823 3368 849 3416 iu
866 3381 912 3415 sua
929 3366 1055 3424 editione,
1067 3379 1228 3427 persuasum,

134 3459 164 3502 ttt
175 3452 277 3515 opinor,
296 3450 343 3501 sibi
361 3450 457 3498 habena
470 3448 623 3512 particulam
635 3449 724 3513 alioqui
740 3448 835 3512 ubique
853 3445 999 3510 promiscue
1010 3459 1087 3509 posse
1099 3444 1229 3508 usurpari,
1272 3443 1274 3450 ⁴

132 3531 190 3580 sire
200 3531 330 3593 praemissa
346 3530 475 3593 particula
486 3534 518 3588 et,
528 3528 583 3578 sive
591 3529 639 3580 liar
651 3530 763 3590 ontisst;
781 3527 934 3591 omissaque
945 3525 1091 3587 exemplum
1103 3521 1180 3573 affert
1194 3538 1228 3572 ex

132 3612 204 3666 Plio.
215 3612 298 3674 Epist.
312 3615 391 3660 t11.9.
403 3614 444 3661 to.
459 3612 467 3639 ‘
479 3609 611 3660 Severitas
622 3611 823 3673 languesceret3
841 3606 938 3671 alioqui
952 3612 1104 3670 supererant
1116 3605 1226 3654 minores

132 3689 193 3744 tei!
230 3690 267 3741 Ar
280 3696 379 3740 tantum
392 3690 476 3751 abest,
486 3698 514 3738 ut
531 3690 558 3739 in
573 3691 622 3740 hoc
634 3693 763 3754 exemplo,
774 3691 798 3740 in
812 3705 861 3752 qno
872 3687 1002 3751 particula
1018 3685 1107 3745 alioqui
1117 3684 1226 3733 Germa·

131 3771 191 3822 nice
204 3785 251 3832 pet
260 3775 353 3820 scorteu
365 3769 490 3832 explicari
510 3776 607 3832 potest,
618 3770 711 3832 copula
726 3774 751 3817 et
769 3770 925 3830 requiratur,
936 3772 963 3812 ut
982 3761 1129 3826 nequidem
1141 3761 1225 3809 locum

131 3851 228 3903 tabere
246 3851 335 3912 possit.
368 3850 428 3902 Non
446 3848 513 3900 enim
531 3863 597 3910 nego
615 3848 719 3911 alioquin
741 3847 820 3895 etium
842 3845 897 3893 sine
918 3843 1011 3904 copula
1031 3840 1101 3903 poni,
1119 3845 1147 3886 et
1164 3841 1224 3902 poni

131 3932 245 3990 debere3
263 3930 308 3980 sed
319 3939 381 3980 tuno
392 3929 465 3980 aliam
478 3928 563 3978 indoit
575 3927 799 3992 significationem,
809 3940 839 3974 oo
852 3925 1014 3988 plerumque,
1025 3919 1138 3984 prontin
1155 3919 1224 3966 uotis

130 4011 164 4063 ad
181 4011 248 4060 hone
263 4011 348 4060 locum
369 4008 481 4072 ostendi,
491 4008 646 4059 Germanice
665 4023 712 4072 per
728 4013 832 4062 sosslen,
850 4006 950 4054 auderet
970 4001 1075 4062 Gestolt,
1092 3997 1224 4059 soitdrigerr

130 4092 208 4146 Fato,
224 4096 252 4142 et
271 4089 378 4150 similes,
393 4087 509 4138 redditor
521 4106 529 4150 3
547 4103 570 4137 t.
580 4102 605 4151 g.
623 4089 691 4140 Plio.
704 4089 787 4150 Epist.
799 4101 826 4136 v.
839 4089 878 4135 tt.
889 4089 914 4134 t.
932 4083 992 4132 ‘Ne
1008 4078 1137 4129 desiderio
1148 4089 1224 4125 seue·

128 4169 194 4220 toris
215 4176 391 4230 repugnarem
417 4167 512 4232 alioqui
529 4167 654 4230 majorem
678 4168 810 4227 iuvidiam,
833 4179 909 4230 quam
933 4161 1059 4226 proxime,
1082 4153 1223 4222 passarus?

130 4249 216 4314 Epitt.
228 4261 266 4298 ιι.
278 4250 319 4297 tt.
331 4251 353 4296 1.
369 4255 376 4278 ‘
390 4247 481 4313 Neque
498 4247 567 4298 enim
585 4261 654 4298 mara
671 4253 699 4298 ot
709 4247 791 4310 littus,
802 4245 848 4295 sed
866 4251 892 4294 te
904 4242 993 4303 otiam,
1004 4239 1096 4300 otium,
1115 4235 1221 4289 liberta·
