3112 4852
535 427 818 480 renueremus.
863 429 886 478 r.
908 413 963 478 24.
1237 413 1301 477 197

206 584 286 644 tuna
309 574 463 640 mutavit.
507 574 539 637 3.
563 573 716 638 Liberum
738 579 798 650 est,
820 569 1023 653 ingrediente
1046 589 1106 652 per
1129 570 1303 652 publicum

208 679 371 764 principe,
393 677 586 754 subsistere,
607 694 787 751 occrrrrere,
810 675 973 751 comitari,
1005 674 1179 755 praeterire.
1223 672 1304 738 Arn-

207 782 306 846 bnlus
326 781 409 844 inter
431 799 503 855 nos,
518 799 584 843 non
607 780 705 861 quasi
727 771 941 858 cominges?
961 780 994 839 et
1009 775 1143 856 copiam
1162 776 1223 851 tui,
1237 795 1305 838 non

208 893 246 948 ut
271 884 441 964 imputesg
473 880 570 946 fecis.
615 881 733 944 Haeret
757 880 851 946 lateri
873 886 931 943 tuo
956 877 1109 960 quisquis
1136 880 1307 958 accessit}

209 983 376 1064 finemque
398 984 542 1046 sermoni
567 1001 649 1046 suns
672 981 793 1063 cuique
816 978 935 1062 pudor,
958 998 1025 1042 non
1051 986 1108 1042 tun
1134 981 1306 1061 superbie,

209 1085 303 1150 l'ucit.
347 1087 380 1148 4.
405 1084 566 1163 Regimur
582 1083 717 1166 quidem
730 1102 751 1148 a
762 1089 806 1158 te,
822 1088 854 1146 et
870 1081 1013 1164 subjecti
1028 1082 1100 1157 tibi,
1116 1080 1176 1143 sed
1192 1102 1307 1163 quem-

208 1184 390 1252 admodum
405 1185 544 1266 legibus,
561 1171 699 1250 snmus:
722 1191 846 1248 namet
861 1183 930 1247 illee
946 1183 1153 1266 cupiditates
1163 1195 1305 1257 nostres,

209 1287 434 1370 libidinesque
457 1285 695 1366 moderantum
720 1285 897 1350 nobiseum
920 1289 1039 1360 temen,
1063 1289 1097 1348 et
1118 1287 1204 1348 inter
1233 1304 1307 1360 noe,

210 1396 397 1452 versantur.
443 1387 590 1464 Emines,
607 1386 760 1462 excellis
780 1394 819 1450 ut
838 1385 956 1463 honor,
978 1393 1014 1450 nt
1035 1393 1208 1468 potestes3
1230 1404 1307 1468 quse

212 1509 314 1573 snper
329 1489 482 1580 homines
497 1489 641 1573 quidem,
663 1489 833 1552 bominum
858 1494 934 1552 sunt
953 1493 1073 1550 tumen.
1116 1489 1148 1550 5.
1172 1485 1260 1551 Ante
1277 1493 1308 1551 te

670 1646 850 1669 eoeoeeumo

213 1751 279 1813 conj.
290 1765 348 1800 cum
361 1750 542 1799 immutatione
554 1749 657 1812 ulique:
675 1751 799 1812 eodemque
816 1735 914 1796 omnio:
938 1747 978 1794 Itu
995 1747 1059 1796 circu
1077 1751 1100 1794 te
1111 1748 1173 1796 ninii
1182 1747 1208 1796 in
1225 1749 1310 1811 teipso

207 1815 232 1875 f.
244 1829 275 1864 m.
309 1815 359 1862 Alii
381 1815 465 1862 aliter.
488 1813 572 1864 Codd.
596 1815 747 1874 conspirent
767 1815 802 1874 iu,
819 1815 944 1874 eodemque
961 1812 1040 1860 omnin
1057 1811 1100 1860 itio
1116 1813 1180 1861 circe
1195 1817 1234 1872 te,·
1251 1813 1311 1864 nibil

211 1879 262 1941 ipso
272 1878 323 1938 tef-
334 1883 374 1927 m.'
390 1879 540 1940 (ileum—8
559 1877 648 1926 Codex
661 1878 720 1926 Vnt.
732 1882 756 1926 4.
768 1883 795 1925 et
807 1876 919 1938 Gnelph.
932 1876 1027 1923 omissa
1037 1876 1159 1938 principis
1168 1872 1311 1933 mentione.

212 1945 319 2005 babent,
335 1943 450 1992 Liberum
466 1949 512 2002 est,
521 1942 694 2002 ingredientem
703 1956 746 2004 per
754 1941 874 2003 publicum
884 1939 1020 2000 subsistere,
1029 1941 1071 2001 isc.
1104 1939 1188 1988 Paris.
1201 1942 1312 2004 abjectis

213 2008 313 2056 duobus
335 2008 430 2063 verbis,
455 2007 569 2054 Liberum
587 2010 632 2065 cst,
654 2006 827 2066 ingredientem
846 2019 889 2066 per
906 2004 1023 2066 publicem
1042 2004 1173 2066 principem
1193 2007 1313 2068 comitari,

212 2074 345 2134 preterire.
380 2072 387 2098 ‘
401 2070 434 2119 m
447 2071 501 2118 lraec
517 2077 649 2128 oducunt,
667 2069 833 2127 meinterde,
851 2076 879 2116 et
890 2069 1035 2117 temeruriae
1048 2068 1222 2118 correctiones
1236 2071 1311 2118 libre-

213 2136 327 2184 riorum.'
340 2135 461 2184 Schmun.
483 2135 556 2182 ‘Non
565 2135 631 2196 qumi
641 2133 778 2196 continges]
792 2131 1012 2194 Acquiescendum
1026 2135 1122 2195 putoiu
1134 2134 1181 2181 bne
1191 2135 1314 2196 lectione,

214 2215 290 2263 quum
302 2201 379 2248 codd.
392 2199 494 2248 Vnticc.
509 2198 594 2246 Paris.
606 2199 701 2248 venet.
714 2197 805 2247 Selisb.
817 2201 844 2246 et
854 2199 942 2246 moltae
952 2196 1012 2246 edd.
1020 2205 1137 2259 tuentur,
1148 2204 1222 2261 quim
1234 2200 1313 2248 etium

215 2267 373 2313 recentiores
386 2262 513 2312 triumviri
525 2261 666 2318 Gesnerus‚
680 2265 805 2312 Aruteeu.
817 2269 843 2310 et
857 2262 986 2311 Scbwnrz.
998 2264 1109 2324 amplexi
1122 2272 1190 2312 sunt.
1224 2265 1274 2312 Sed
1287 2265 1314 2312 in

214 2329 399 2378 constituendo
412 2341 488 2375 seusu
500 2326 612 2376 Gesner.
627 2342 712 2376 eveno
726 2327 855 2376 aberrasse
868 2327 980 2375 videtur.
1014 2328 1057 2376 Sic
1069 2329 1136 2376 enim
1147 2329 1210 2376 illes
1228 2331 1236 2356 ⁸
1251 2331 1313 2377 Cen·

216 2395 315 2454 tingent
327 2408 385 2458 quae
396 2391 452 2440 fato
463 2391 573 2453 quodem
591 2399 618 2439 et
637 2392 725 2441 divina
743 2391 924 2441 benevolentia
944 2391 1086 2440 bominibus
1106 2395 1239 2451 eveniunt,
1256 2407 1314 2456 quae

217 2458 325 2520 proinde
338 2456 459 2517 imputari
471 2457 533 2519 ipsis
546 2471 560 2503 n
574 2457 635 2504 Deo
646 2455 777 2518 possunt!
808 2456 861 2504 Sed
873 2456 921 2503 boc
933 2456 1020 2518 potius
1032 2457 1064 2504 ad
1078 2457 1162 2520 ipsum
1174 2458 1315 2520 Trejnnnm

215 2521 400 2572 referendum:
419 2522 485 2568 Dum
498 2521 615 2569 ambulas
633 2520 704 2570 iuter
724 2534 779 2581 nos,
796 2534 846 2568 noo
866 2528 941 2582 ptrtes
956 2527 1123 2582 conspectum
1136 2522 1175 2568 tui
1193 2523 1316 2572 Romanis

236 2602 263 2635 ro
276 2601 367 2650 magun
379 2585 503 2634 felicitate
516 2585 661 2633 babendum
673 2600 681 2644 ς
699 2585 725 2632 in
737 2599 813 2647 quem
825 2599 925 2632 sensnm
938 2585 995 2632 baec
1008 2585 1088 2633 verbe
1099 2585 1255 2639 Livineium,
1266 2587 1316 2634 Fa·

216 2603 326 2700 Bricium
339 2650 464 2699 Biblioth.
475 2650 534 2698 Lnt.
550 2649 599 2698 To.
612 2663 642 2697 rr.
656 2661 681 2712 p.
692 2653 750 2697 rm.
770 2655 798 2697 et
807 2648 979 2697 Schwnrzium
993 2649 1094 2710 cepisse
1106 2647 1199 2697 video!
1218 2650 1316 2711 Gierig.

216 2715 378 2766 Schwarzius
390 2729 452 2762 vero
471 2711 590 2762 defendit
602 2712 660 2761 cod.
672 2713 711 2760 sui
723 2713 784 2761 lect.
800 2727 877 2777 qunm
889 2710 1015 2760 Rittersb.
1027 2711 1192 2774 defenderat,
1210 2718 1237 2761 nt
1249 2714 1317 2776 quusi

216 2780 354 2841 continges,
371 2786 408 2839 et,
425 2793 473 2826 rien
487 2783 514 2826 ut
532 2776 743 2840 qnericentingns‚
763 2775 831 2842 quod
850 2777 906 2840 ipse
924 2778 1069 2839 composuit
1089 2792 1122 2826 ex
1142 2779 1240 2826 duabus
1261 2778 1318 2826 aliis

217 2845 409 2902 varietatibus3
425 2841 521 2890 deinde
539 2841 631 2904 probet
643 2842 797 2902 scripturum
811 2841 870 2890 cod.
882 2841 975 2889 Peter.
986 2854 1033 2890 nen
1044 2846 1071 2890 ut
1080 2843 1223 2903 contingus;
1241 2857 1317 2906 qrrem

217 2908 357 2958 lectionem
371 2907 495 2956 exhibent
506 2906 584 2954 etiem
598 2905 664 2957 Exc.
672 2906 748 2954 Voss.
782 2905 887 2969 Lipsius
904 2905 1015 2970 denique
1027 2908 1110 2968 malit,
1127 2921 1169 2955 nos
1179 2907 1246 2970 quusi
1262 2923 1320 2956 con·

218 2973 307 3034 tinges.
339 2976 347 3002 ⁶
361 2973 458 3020 Verum
469 2971 538 3019 tollit
549 2970 693 3020 Pliniennm
705 2972 863 3035 elegantium
876 2985 908 3019 ee
923 2971 1042 3029 mittetis,
1055 2987 1113 3020 cum
1124 2972 1180 3020 brec
1192 2971 1318 3035 particule

218 3037 341 3099 negative
352 3036 472 3098 sequenti
485 3035 641 3097 respondent
652 3049 699 3083 nnn
715 3040 743 3083 nt
758 3037 869 3098 imputes.
902 3035 1027 3100 Adeoque
1046 3051 1094 3085 non
1108 3037 1175 3099 quusi
1193 3037 1319 3098 continges

219 3109 290 3150 recte
302 3102 450 3162 exponitur,
463 3114 513 3147 non
527 3100 598 3164 quasi
609 3097 721 3148 felicitas
734 3100 821 3162 eliqua
831 3100 962 3148 censendo
972 3102 1016 3160 stt,
1033 3101 1081 3150 tibi
1096 3115 1242 3162 occurrere,
1254 3109 1281 3149 et
1291 3101 1318 3148 iu

220 3173 385 3279 coqspectuur
394 3173 470 3242 ¹tirum
489 3165 603 3275 pirodiqe,
615 3162 661 3211 sed
678 3161 990 3276 feqniitticgiqeq'nobiseum
1002 3165 1177 3275 rivie,hneque
1189 3162 1214 3211 id
1226 3165 1319 3238 pretim

219 3243 252 3278 uo
273 3245 321 3279 ise
359 3242 481 3278 onrszue
502 3241 731 3276 uenrnmensu
790 3241 823 3275 e.
863 3241 976 3276 erreonro
1003 3243 1062 3277 cum
1095 3242 1205 3276 ecmnr
1225 3241 1320 3276 turino

221 3245 358 3343 attinerell
372 3293 460 3358 ‘quasi
469 3243 529 3342 cllsu
538 3300 565 3340 et
572 3290 679 3340 scrunito
688 3291 819 3352 obventus,
829 3291 882 3340 lue.
891 3263 1028 3354 rarissimo,
1037 3306 1086 3340 uon
1096 3243 1223 3355 spemin!g
1231 3292 1320 3356 Atque

221 3359 369 3422 itnoptimee
379 3358 506 3406 edd.cum
516 3356 620 3420 scriptis
632 3354 774 3404 codicibus.
791 3355 905 3418 Guelpb.
918 3363 1009 3419 temen,
1023 3355 1167 3406 Veiento.
1180 3362 1207 3405 et
1218 3356 1319 3421 Grypb.

220 3424 353 3484 continget,
388 3421 437 3470 ruod
458 3423 543 3484 possit
561 3434 629 3480 esse,
651 3419 720 3468 forte
739 3420 844 3470 fortuna
862 3420 981 3470 eveniente
999 3421 1069 3486 prius
1081 3420 1320 3487 egopraetrrierim.’

221 3487 357 3536 Arnim-d
398 3487 440 3534 od.
451 3487 544 3534 Patev.
556 3493 584 3534 et
593 3487 659 3533 Exc.
670 3485 747 3534 Voss.
758 3490 786 3534 ut
795 3485 869 3534 boner
878 3490 903 3534 et
912 3491 1024 3548 potestus.
1050 3487 1124 3541 Mox,
1136 3487 1194 3536 cod.
1209 3485 1321 3550 Guelpb.

222 3551 338 3609 exbibet,
349 3565 421 3613 supro
432 3550 555 3608 hemines,-
572 3549 616 3598 ubi
626 3550 651 3598 in
661 3551 758 3598 ceteris
769 3550 887 3598 omnibus
900 3550 972 3599 libris
983 3551 1087 3614 iegitur,
1098 3565 1167 3614 super
1175 3551 1321 3600 tornines.-

222 3620 238 3666 t
256 3615 292 3664 At
303 3621 358 3666 unte
378 3621 401 3664 te
420 3614 496 3666 codd.
516 3615 590 3664 Vett.
610 3621 638 3664 et
656 3614 770 3679 Gueipb.
802 3614 838 3664 At
857 3615 899 3664 hic
911 3613 977 3665 inire
993 3615 1090 3666 intrudi
1107 3622 1185 3680 putet
1196 3616 1325 3664 Arntzen.

719 3759 827 3810 NOTAE

221 3859 299 3920 ipsum
320 3863 354 3920 te,
375 3865 405 3907 nt
430 3856 546 3906 Grutero
570 3857 674 3919 plecet3
704 3858 754 3919 vel,
792 3855 859 3906 erit:
876 3856 958 3908 Quesi
977 3871 1042 3906 unus
1061 3871 1076 3906 e
1096 3855 1231 3918 nobissis3
1247 3857 1323 3920 quusi

203 3969 209 3980 .
222 3933 285 3982 nibil
295 3934 320 3981 in
331 3933 382 3994 ipse
393 3937 427 3993 te,
446 3937 475 3982 ut
493 3931 591 3981 Petms
602 3932 688 3985 Feber
699 3946 754 3982 sus·
791 3947 839 3983 nos
851 3935 941 3984 ordine
954 3937 995 3985 vel
1007 3935 1130 3986 affinitate
1141 3937 1286 4000 contingas.

223 4009 335 4071 pientur.
826 4017 839 4053 3
857 4011 911 4060 Non
922 4018 948 4060 ut
959 4014 1070 4076 imputes]
1089 4013 1148 4062 Non
1169 4027 1219 4076 quo
1236 4013 1261 4060 id
1278 4011 1324 4061 be·

259 4082 565 4150 rNonquuricontingns]
591 4085 754 4147 ldest,per-
792 4086 879 4136 neficii
900 4091 956 4137 ioco
972 4089 1020 4138 tibi
1032 4095 1187 4152 opponetur.
1221 4088 1324 4138 Nonnt

224 4160 285 4209 inde
297 4161 371 4224 quusi
382 4174 458 4209 nemo
470 4168 496 4210 te
508 4162 534 4209 in
552 4160 593 4208 vin
612 4161 756 4220 contingat,
794 4163 914 4227 magnum
928 4167 1059 4230 quidpiam
1071 4165 1145 4214 nobis
1163 4167 1323 4216 concessisse

225 4244 304 4300 atque
325 4238 397 4287 eunti
417 4237 515 4286 obstet.
547 4239 625 4300 Legit
642 4237 756 4300 Lipsius,
794 4239 916 4290 videaris.
951 4242 1036 4304 Supra
1047 4257 1070 4291 c.
1084 4254 1133 4290 xx.
1144 4249 1198 4292 not.
1209 4251 1231 4293 e.

225 4313 478 4376 insenescentem
491 4313 624 4374 continges.
658 4313 755 4361 Sensus
