3112 4852
232 325 297 398 174
591 347 623 398 c.
647 348 768 396 aurun
793 347 958 400 sucunnr

229 487 357 553 infinita
373 488 513 552 vastitas
527 488 749 574 inteu'acentis
765 491 868 572 soli3⁸
892 498 961 557 tum
977 489 1179 575 Pyrenaeus,i
1193 487 1323 576 Alpes,l

230 589 448 672 immensique
471 590 528 654 alii
549 589 703 668 montes,¹‘
723 593 856 658 nisibis
872 602 1148 676 compararentur,
1163 597 1325 672 muniunt,

231 691 463 774 dirimuntque.
508 691 541 756 3.
566 690 630 756 Per
644 693 707 756 boc
721 713 817 757 omne
831 695 975 777 spatium
991 713 1066 758 cum
1082 691 1248 776 legiones¹
1265 693 1325 758 du-

231 811 336 871 ceres,
354 811 415 857 seu
437 793 560 876 potius,
574 799 668 856 tanta
691 793 850 860 velocitas
872 800 953 872 erut,
969 813 1121 878 ruperes3
1144 815 1210 858 uon
1234 796 1325 860 vehi-¹

231 894 343 958 culum
370 913 526 977 uuquam,
547 911 614 956 nou
640 913 777 976 equum,
801 897 992 979 respexisti.
1043 897 1144 960 Levis
1170 897 1236 972 bic,
1258 917 1325 960 non

231 995 418 1059 subsidium
442 994 577 1064 itineris,
601 994 662 1058 sed
688 994 804 1073 decus,
829 1003 862 1060 et
885 1017 962 1061 cum
987 999 1119 1076 ceteris,
1141 999 1325 1081 subseque-

230 1096 329 1160 batur
339 1103 363 1176 ;⁸
385 1100 422 1159 ut
437 1093 535 1178 cujus
548 1096 657 1160 nullus
671 1096 731 1162 tibi
748 1115 842 1174 usus,
856 1099 922 1162 nisi
936 1118 1013 1162 cum
1028 1099 1081 1162 die
1098 1100 1324 1163 stativorumm

262 1269 271 1295 ¹
286 1261 406 1310 lumenta
415 1260 555 1323 magnitudo
565 1265 635 1310 tetra
645 1261 710 1310 inter
719 1266 843 1324 ausuque
852 1260 985 1322 interjecta.

259 1328 268 1358 ’
287 1323 474 1390 Subsequebatur
484 1339 555 1390 equua
565 1325 638 1388 agilis
647 1339 701 1375 eant
708 1325 802 1389 esuris,
811 1341 857 1376 non
868 1331 917 1376 tum
927 1327 957 1375 ad
968 1341 1035 1382 mm
1046 1329 1122 1388 tuam,
1138 1340 1208 1390 qaam
1218 1325 1248 1374 ad
1257 1339 1325 1388 pom·

230 1403 294 1452 pom.
323 1415 326 1422 ·

230 1547 322 1598 Arnta.
355 1549 421 1600 cod.
434 1549 520 1598 Paris.
528 1547 691 1609 interiacentis
701 1548 766 1598 solie
799 1549 960 1599 Vocabulum
975 1549 1020 1598 soli
1037 1562 1141 1611 prorsus
1153 1548 1272 1597 omissum
1284 1557 1326 1599 est

230 1612 257 1662 in
268 1613 326 1663 eod.
338 1613 398 1661 Vnt.
408 1615 434 1661 4.
466 1613 474 1641 ‘
486 1612 540 1663 Pro
550 1618 748 1676 compararentur,
756 1611 867 1676 Guelpb.
877 1618 1050 1677 comparentur,
1059 1621 1087 1661 ut
1099 1627 1146 1675 pro
1157 1611 1324 1676 dirimuntque,

229 1676 298 1726 idem
311 1683 338 1726 et
352 1677 427 1725 Voss.
439 1675 634 1739 dirimunturquae,
645 1675 713 1740 quod
727 1690 777 1724 non
787 1679 872 1741 capio,
883 1678 931 1726 uisi
941 1691 1063 1740 exponas,
1073 1676 1123 1738 ipsi
1131 1677 1249 1726 muniunt
1259 1676 1325 1726 Ger·

228 1741 350 1796 maniam,
362 1747 388 1790 et
400 1742 448 1790 bac
467 1742 573 1803 regione
588 1741 661 1804 quasi
680 1741 798 1804 planitie,
816 1743 858 1791 vel
876 1742 952 1806 ralle,
968 1743 1157 1790 intercurrente
1171 1740 1326 1790 dirimuntur

231 1819 277 1854 sen
288 1812 457 1867 separantur;
474 1805 520 1854 sed
533 1807 582 1854 boc
593 1805 669 1854 modo
681 1806 799 1854 videmur
815 1806 930 1868 argutias
946 1805 1074 1865 captare’
1089 1805 1224 1854 Asara-a
1241 1805 1327 1856 ‘Ver-

230 1869 290 1920 bum
301 1883 395 1932 roperts
412 1869 479 1918 male
495 1868 658 1918 desideratur
676 1868 703 1917 in
720 1868 843 1932 euerpn!
860 1870 937 1919 Idem.
971 1871 1035 1918 Exc.
1052 1869 1128 1916 Voss.
1145 1869 1180 1917 al.
1193 1868 1270 1918 codd.
1282 1883 1326 1932 sp.

230 1934 358 1984 Schwarz.
379 1933 439 1982 edd.
454 1933 560 1982 Puteol.
577 1941 604 1981 et
616 1934 710 1982 Venet.
720 1935 761 1982 aed
772 1947 818 1982 nou
828 1933 967 1983 oebiuslum.
1002 1932 1158 1982 Particulam
1169 1933 1270 1980 sednon
1282 1948 1326 1995 ag·

229 2005 339 2047 noscunt
355 1997 431 2046 codd.
443 1997 538 2046 Venet.
554 2004 582 2045 et
598 1997 712 2060 Gnelpb.
728 1996 842 2060 itemque
855 1997 915 2046 edd.
927 2004 1037 2047 recentt.
1064 1996 1177 2045 ‘Statim
1189 2010 1240 2046 non
1251 1999 1327 2052 male,

229 2067 253 2111 et
266 2067 344 2110 umes
354 2059 551 2122 subsequebantur
562 2060 675 2123 Guelpb.
688 2067 743 2110 eta
758 2074 835 2109 manu
847 2061 959 2111 secunda
971 2061 1037 2110 Exc.
1050 2059 1127 2109 Voss.
1136 2073 1168 2107 ex
1177 2061 1249 2122 cujus
1258 2063 1327 2111 vocis

229 2125 383 2188 compendio
394 2123 498 2173 ridetur
508 2124 612 2172 Puteol.
625 2130 652 2172 et
663 2124 766 2173 Veneta
778 2122 869 2174 fecisse
880 2139 942 2180 eum,
959 2126 1009 2172 nisi
1021 2125 1094 2174 malis
1112 2124 1258 2184 neglectum
1270 2140 1326 2176 esse

231 2189 388 2251 adjectivum
400 2186 687 2250 summensteten
700 2187 790 2248 Aldus,
800 2189 944 2251 reliquique
955 2202 1052 2238 omues.
1093 2189 1226 2250 Deinceps
1238 2193 1264 2236 at
1276 2203 1327 2238 nou

231 2253 347 2312 agnoscit
358 2250 472 2314 Guelplr.
487 2259 524 2314 et,
536 2265 583 2313 pro
594 2251 743 2314 stativorum,
755 2251 845 2301 scribit
853 2253 981 2304 stationum
988 2269 998 2310 ,·
1018 2252 1092 2315 pejus
1106 2257 1250 2300 statutorum
1261 2253 1326 2302 Erro.

230 2316 314 2366 Voss?
330 2316 417 2366 Arntz.
450 2314 458 2342 ‘
474 2315 510 2365 Ut
519 2314 594 2378 emas,
603 2315 656 2380 tu]
673 2315 806 2366 Particula
815 2322 843 2366 at
856 2331 906 2366 non
919 2317 1049 2366 invenitur
1060 2317 1085 2366 iu
1095 2317 1254 2366 codd-Vatt.
1264 2321 1289 2366 2.
1300 2321 1326 2367 4.

724 2445 833 2498 ΝΟΊῈ

229 2548 288 2592 tura
298 2555 357 2592 meo
369 2541 472 2608 quidem
485 2541 589 2605 judicio
606 2548 648 2592 sat
664 2541 757 2606 probs·
827 2541 931 2606 turpes]
942 2543 1028 2592 Series
1040 2541 1123 2592 altera
1139 2541 1271 2595 montium,
1283 2540 1328 2603 qui

229 2619 298 2670 bins.
338 2619 436 2669 Sensus
458 2619 524 2668 erit:
549 2617 704 2682 Hispaniam
730 2624 759 2667 et
798 2617 1081 2668 ItaliamaGermania
1095 2617 1132 2666 sic
1149 2621 1278 2679 separant,
1290 2624 1328 2677 ut,

230 2695 396 2748 Germaniam
417 2710 476 2744 cum
496 2695 619 2744 dirimunt
641 2693 758 2757 plurimu
798 2708 846 2757 pro
865 2693 937 2742 varia
954 2693 1069 2742 locorum
1085 2692 1246 2752 diversitate,
1257 2691 1328 2739 varia

229 2777 330 2833 gentes,
348 2778 428 2834 atque
446 2770 562 2832 inprimis
583 2770 688 2832 Galliae,
705 2769 757 2833 Py·
798 2769 1062 2819 sortianturnomiua.
1092 2765 1238 2815 Aliaeanim
1251 2765 1327 2814 mari-

228 2860 401 2910 renteusqus3
419 2852 471 2895 tum
489 2845 609 2894 muniunt
627 2845 719 2908 Alpes,
729 2852 758 2894 et
798 2845 877 2906 timae,
893 2844 950 2892 aliae
967 2843 1073 2905 Cottia,
1084 2842 1182 2906 Graia,
1194 2841 1327 2899 Rbaeticae,

227 2920 323 2970 infiniti
341 2921 386 2969 alii
403 2927 514 2981 montes,
525 2920 569 2984 qul
585 2919 704 2968 immensi
720 2919 758 2968 vi·
799 2918 1007 2979 Noricaeauttae
1019 2918 1152 2969 dicuutur.

230 2995 366 3057 derentur,
376 2993 426 3043 nisi
445 3009 503 3044 curn
516 2993 627 3056 Alpibus
639 3001 667 3044 et
676 2994 758 3057 Pyre·
831 2993 844 3028 ¹¹
867 2994 921 3044 Alii
945 2993 1047 3057 montes]
1071 2995 1109 3043 Ut
1135 2993 1273 3044 Sarmatici
1300 3003 1329 3042 et

228 3071 292 3120 meis
303 3077 526 3134 compararentur.
553 3069 761 3134 Quarebieagit
800 3070 942 3134 Csrpstbii.
974 3069 1048 3121 Alios
1070 3069 1130 3119 ride
1145 3069 1213 3134 apud
1235 3071 1328 3119 Cluve-

229 3147 263 3196 de
283 3145 420 3210 Hispania,
438 3145 507 3195 unde
526 3160 541 3194 a
560 3145 719 3203 Domitiano,
730 3152 761 3196 nt
800 3145 875 3195 rium.

228 3237 289 3272 mox
304 3222 414 3284 dicetur,
424 3222 532 3287 accitus,
542 3221 574 3271 ad
585 3223 680 3272 bellum
692 3221 759 3273 Ger·
833 3220 982 3284 ¹Legionsa]
999 3218 1079 3284 Legio
1095 3218 1241 3282 dicebatur,
1259 3219 1328 3284 quod

228 3298 357 3348 monicum
379 3299 416 3348 sie
441 3297 600 3360 properarit,
617 3302 648 3346 ut
672 3311 757 3362 neque
798 3301 930 3346 constaret
940 3310 974 3344 err
985 3295 1060 3344 lectis
1071 3293 1204 3344 militibus.
1233 3293 1327 3344 Varius

229 3373 350 3438 Pyrenaei
367 3387 452 3437 neque
468 3372 550 3436 Alpes
565 3373 621 3436 ejus
637 3373 758 3422 celerita·
799 3381 885 3423 autem
897 3373 1051 3423 etincertus
1068 3372 1179 3422 militum
1190 3387 1223 3422 ex
1235 3373 1327 3437 quibus

229 3457 283 3498 tam
299 3448 466 3498 retardarint.
799 3449 938 3498 constabat
959 3463 1079 3498 numerus
1098 3447 1158 3500 fnit.
1201 3449 1329 3512 vegetius

261 3522 428 3587 ¹Pyreneus]
452 3522 580 3572 Montium
601 3521 679 3571 series
698 3522 760 3572 Gal·
799 3525 925 3587 legionem
942 3523 968 3571 in
988 3523 1078 3572 decem
1092 3523 1223 3586 cobortes,
1239 3524 1327 3573 cobor-

228 3599 287 3649 lism
309 3600 342 3648 ab
360 3595 490 3661 Hispania
508 3599 636 3653 diuidens.
675 3599 759 3662 Hujus
800 3607 853 3648 tem
865 3599 890 3647 in
909 3599 1096 3662 quinquaginta
1111 3600 1265 3662 manipulos,
1276 3601 1328 3648 sin·

229 3689 331 3740 quoque
342 3674 450 3724 nominis
462 3689 534 3724 mons
550 3681 591 3724 est
602 3673 704 3724 ltaliam
720 3677 759 3724 in·
800 3676 873 3738 gulos
886 3677 927 3724 25.
938 3674 1056 3731 militum,
1068 3671 1171 3726 diuidit.
1205 3674 1327 3739 Aquilam

229 3757 271 3800 ter
290 3757 318 3800 et
336 3749 510 3803 Germaniam.
543 3750 760 3800 SenecaConsol.
800 3747 958 3812 praeferebat
984 3749 1074 3811 primas
1103 3749 1218 3798 cohortis
1245 3749 1329 3805 mites,

230 3826 264 3876 ad
288 3825 437 3876 Helvidium
458 3839 517 3889 cap.
535 3839 575 3876 vr.
596 3827 758 3890 ‘Pyrenaeus
799 3825 872 3888 isque
885 3822 1012 3889 Aquilifer
1023 3823 1168 3874 dicebatur.
1194 3824 1329 3888 Vegetins,

229 3898 418 3950 Germanorum
427 3901 563 3951 transitum
571 3915 621 3950 non
629 3900 759 3951 inhibuit.'
800 3901 853 3949 Dio
865 3901 911 3950 lib.
920 3914 965 3950 xa.

230 3974 348 4038 Idlpsnm
360 3976 465 4026 disertis
476 3977 562 4026 verbis
574 3977 646 4026 aiunt
658 3976 758 4042 Appia·
830 3985 848 4010 ¹¹¹
866 3977 917 4027 Die
934 3975 1084 4038 mutianum]
1099 3974 1133 4025 Id
1149 3983 1198 4039 est,
1217 3989 1268 4039 quo
1285 3975 1329 4022 dle

230 4065 278 4099 nus
287 4052 320 4100 de
332 4053 406 4102 Bello
419 4053 529 4116 Hispan.
541 4052 690 4116 Dionysius,
699 4054 759 4102 Clu·
799 4053 889 4116 positis
902 4065 933 4101 ac
944 4051 1047 4100 munitis
1059 4050 1150 4100 eastris
1166 4048 1264 4116 aliquid
1276 4062 1329 4098 me·

231 4127 317 4176 verius
336 4129 363 4178 in
386 4129 527 4182 Germania
545 4129 659 4195 antiqua,
680 4129 759 4179 Orte·
800 4143 835 4179 ru
847 4126 959 4179 faciebat
971 4125 1111 4178 exercitus.

231 4201 290 4266 lius,
300 4205 350 4253 &e
