3050 4842
467 397 518 444 ιο
543 393 824 445 rannermouu
849 393 984 444 ιιιιιιι.
1208 375 1273 444 389

175 553 226 604 que
238 537 315 588 rebus
326 540 412 588 locum
426 535 517 598 babet,
525 537 676 602 plerumque
688 535 860 600 subjiciuntur
873 536 1011 601 particulos
1026 534 1134 592 ordinis.
1146 545 1174 586 ιιι
1185 535 1194 564 ⁴
1204 536 1276 598 turn,'

172 617 309 679 “deindess
326 617 495 682 ‘praeterera'
507 617 515 646 ‘
528 616 660 678 denique,'
671 625 699 666 et
711 617 815 666 similes.
848 617 891 665 Sic
907 616 975 678 apud
993 617 1077 679 ipsum
1094 615 1163 666 Plin.
1176 617 1276 686 Panegi

125 737 126 741 ,
173 704 300 750 mxv-8.
320 699 446 754 invenies,
471 697 628 759 ‘Primunq'
654 695 787 751 ‘deinde‚'
805 695 973 760 ‘postremm'
1008 695 1156 759 Aliquando
1186 703 1275 746 tamen

173 779 253 829 etiam
266 778 386 828 absolute
398 778 512 842 ponitur,
529 778 602 826 nulla
615 777 667 825 alie
678 777 805 841 particula
817 782 960 840 aequente3
977 789 1034 837 up.
1044 775 1113 838 aprrd
1123 775 1177 826 Cic.
1190 776 1275 840 Epist.

171 873 205 908 ιι.
214 863 238 910 9.
254 859 390 908 ‘Primum
404 858 461 919 tibi,
473 865 503 908 ut
513 858 607 921 debeo,
619 859 746 922 gratulor,
756 857 892 921 laetorque,
904 871 963 904 cum
980 856 1114 920 praesenti,
1127 861 1182 904 tum
1192 857 1275 906 etiam

171 945 278 1003 sperata
296 947 341 988 tna
359 937 508 1000 dignitate!
540 939 575 987 Et
593 939 661 1001 apud
680 939 750 988 Plio.
770 937 1016 1000 Paneg.axxv1.t,
1034 935 1091 985 ‘Ac
1109 937 1219 999 primum
1236 936 1274 986 ita

172 1019 249 1070 domo
264 1019 489 1083 progrediebatur,
509 1025 539 1068 ut
552 1019 622 1068 illum
644 1020 728 1068 nullus
746 1024 888 1082 apparatur
900 1017 1059 1081 arrogantiae
1071 1051 1078 1067 .
1089 1049 1096 1066 .
1108 1051 1114 1066 .
1126 1015 1276 1066 detineret'

172 1100 232 1150 Hoc
252 1101 310 1150 loeo
328 1100 477 1150 adverbium
493 1098 638 1163 ‘primum’
656 1100 775 1164 sequitur
795 1098 922 1162 particula
939 1097 1031 1162 ‘jam,'
1050 1098 1068 1146 i.
1086 1112 1110 1147 e.
1132 1104 1272 1161 praeterea.

171 1181 217 1231 Sin
237 1181 294 1230 Cic.
320 1196 367 1244 pro
382 1181 439 1244 iege
459 1181 552 1230 Manil.
570 1195 594 1230 c.
605 1184 645 1230 14.
663 1181 882 1243 ‘Jaquuantum
901 1179 1020 1241 consilio,
1031 1183 1155 1242 qnantum
1166 1175 1273 1226 dicendi

170 1262 303 1326 gravitate
311 1261 425 1322 etcopia
437 1263 534 1323 valeat,
542 1262 639 1310 'mboc
650 1261 707 1324 lps'o
720 1260 747 1309 in
756 1261 891 1323 locosaepe
903 1259 1052 1322 cognostis!
1075 1258 1113 1308 At
1124 1259 1150 1308 in
1163 1269 1274 1322 sequen·

171 1342 242 1392 tibus
254 1341 341 1390 verbis
351 1342 518 1390 observamur
530 1341 660 1406 quandam
677 1341 831 1390 varietatem
849 1342 876 1389 in
888 1339 1021 1390 codicibus
1034 1341 1098 1389 Mss.
1131 1339 1162 1388 ln
1174 1337 1273 1389 Potiti·

170 1422 236 1478 ensi,
251 1422 363 1478 Veneto,
374 1429 403 1471 et
412 1435 480 1484 meo,
499 1434 547 1485 pro
558 1423 609 1484 qni,
620 1422 717 1484 legitur
728 1421 803 1484 quid:
819 1422 856 1469 Aa
863 1422 966 1483 primum
977 1419 1036 1483 quid
1046 1419 1096 1468 dies
1107 1419 1158 1479 ille,
1171 1433 1216 1481 qao
1230 1431 1272 1466 err-

165 1506 286 1565 pertetrss,
297 1503 350 1564 isa·
362 1501 607 1566 Gnelpberbytanus
620 1506 750 1566 praeterea
761 1517 806 1565 quo
816 1501 843 1550 in
855 1501 896 1565 qui
905 1502 996 1550 vitiose
1008 1507 1109 1549 mutat:
1122 1499 1274 1563 temnere

169 1583 227 1646 qaid
243 1583 295 1631 dies
307 1583 355 1644 iile,
365 1581 407 1644 qui
418 1588 564 1646 expectatae,
575 1585 616 1646 dc.
649 1583 681 1632 ln
692 1582 837 1642 Vaticanis,
849 1582 906 1631 loro
919 1581 1081 1645 pronominis¹
1093 1578 1144 1642 qui,
1155 1580 1195 1628 rel
1207 1579 1273 1641 qaid,

168 1661 299 1727 particula
308 1661 400 1724 quidem
412 1668 484 1711 extat
496 1679 502 1712 r
521 1662 558 1711 Ac
570 1663 673 1725 primam
687 1663 781 1725 q'rrr'dem
793 1663 844 1711 dira
859 1663 908 1716 iile,
919 1677 964 1725 qao
976 1665 1120 1725 repedatur,
1132 1662 1173 1723 isc.
1207 1659 1274 1708 Non·

169 1741 323 1804 displiceret
334 1741 461 1804 particula
472 1743 584 1804 quidem,-
601 1756 658 1791 cnm
671 1743 730 1791 baee
740 1743 809 1805 apud
822 1741 934 1790 Plinium
945 1743 1041 1804 saepius
1052 1740 1175 1789 inserviat
1187 1741 1270 1788 tiana*

167 1821 259 1884 itioni3
278 1830 305 1870 at
316 1837 348 1871 ea
360 1836 504 1885 pronomen
522 1823 572 1887 qai,
585 1836 636 1886 quo
652 1829 792 1872 contextus
811 1835 904 1871 carere
922 1835 973 1870 non
993 1827 1091 1884 potest,
1107 1833 1159 1868 non
1171 1817 1272 1880 expet«

167 1903 233 1963 lere,
243 1901 290 1950 aed
303 1915 391 1950 secum
403 1901 452 1951 boe
464 1901 501 1950 ita
517 1903 675 1965 conjungere
686 1901 814 1951 deberet:
832 1901 982 1964 reponam
993 1898 1207 1963 quidemquider
1221 1897 1271 1952 illes

167 1997 220 2046 qao,
232 1984 273 2045 tre.
308 1981 367 2032 Hoc
378 1996 521 2046 pronomen
534 1984 575 2047 qr‘u'
587 1988 731 2046 agnoscunt
742 1994 829 2030 omnes
840 1983 944 2030 omnino
956 1981 1094 2042 editiones,
1103 1986 1202 2042 praeter
1212 1977 1269 2026 uni·

165 2075 225 2115 cana
236 2061 437 2118 Pleminianum,
450 2063 477 2111 in
491 2077 551 2126 qna,
563 2063 618 2112 loeo
630 2062 678 2125 qui,
689 2062 830 2111 exhibetur
838 2062 904 2126 qnid.
925 2059 1120 2114 ·Nibildnbito.
1133 2059 1194 2123 qni-u
1207 2056 1270 2106 huic

167 2142 314 2206 pronomini
331 2143 371 2206 qai
388 2144 557 2207 appinaerint
574 2143 677 2190 literam
694 2143 719 2198 d,
736 2157 768 2190 ex
792 2141 966 2204 subsequente
977 2141 1081 2190 nomine
1100 2140 1152 2188 dies
1171 2151 1271 2187 assum-²

165 2229 240 2283 tnm3
254 2223 328 2272 unde
351 2223 476 2287 deinceps
494 2224 536 2272 alii
555 2225 699 2274 nasutiores
722 2224 896 2287 produxerint
918 2223 1070 2288 particulam
1094 2222 1273 2286 quidamque

165 2303 297 2368 particula
308 2304 422 2361 dionisia,
442 2305 584 2354 retinemus
596 2305 734 2354 lectionem
746 2307 889 2369 vulgatam,
901 2306 975 2368 enjus
995 2305 1128 2354 sententia
1146 2299 1271 2350 satis-sibi

166 2390 280 2446 constat,
292 2399 375 2448 neque
388 2385 497 2449 amplius
509 2392 571 2449 eget
585 2385 724 2436 medicina.
749 2387 905 2436 *Pronomen
919 2394 1005 2434 autern
1019 2384 1081 2434 illud
1093 2384 1144 2446 qui,
1155 2384 1195 2432 rel
1206 2382 1273 2444 qais,

165 2463 217 2512 boc
228 2465 286 2512 loeo
297 2463 365 2513 idem
383 2467 452 2514 valet
463 2465 533 2529 quod
546 2467 623 2529 qualis
633 2473 789 2530 quantusque,
799 2467 910 2514 manime
926 2465 947 2512 si
959 2479 1013 2527 per
1031 2463 1226 2512 admirationem
1239 2467 1268 2510 et

165 2543 381 2594 acclamationem
404 2537 598 2608 pronuntietur,
616 2546 655 2594 uti
675 2548 742 2609 apud
755 2547 873 2595 Terent.
894 2544 1010 2594 Errnncb.
1024 2557 1055 2593 ιι.
1075 2547 1099 2594 a.
1120 2547 1142 2590 1.
1161 2543 1169 2570 ‘
1180 2541 1268 2603 Nunc,

135 2685 142 2692 ·
165 2621 306 2687 Parmeno,
325 2631 350 2674 te
366 2625 490 2681 ostendis,
508 2626 552 2690 qui
564 2627 605 2674 vir
623 2625 708 2675 siesl'
725 2626 789 2675 item
809 2626 877 2688 apud
890 2625 963 2674 Fam.
976 2624 1031 2673 Cic.
1044 2631 1082 2672 ιιι
1095 2626 1136 2671 lt'.
1154 2619 1268 2682 ‘·Video,

165 2703 210 2767 qui
223 2704 269 2752 sim
289 2704 338 2754 boc
357 2712 485 2769 tempore,
504 2713 532 2754 et
550 2705 612 2770 quid
627 2705 748 2770 possiml'
764 2713 792 2755 et
807 2705 876 2769 apud
893 2705 979 2768 ipsum
998 2703 1069 2752 Plint
1089 2703 1268 2765 aptatam.
1297 2733 1302 2741 .

159 2788 173 2810 ¹⁸
185 2784 249 2834 'l'um
268 2799 325 2846 ego,
342 2787 385 2849 qui
401 2786 442 2834 vir
455 2794 484 2836 et
505 2791 714 2850 quantus'esset,
730 2785 854 2835 atrissme
866 2782 986 2848 inspexi)
1019 2784 1265 2846 Quantopere-vern

165 2862 279 2913 Romani
290 2867 462 2928 expectariut-
473 2864 696 2931 desiderarintqoe
718 2866 795 2916 istum
810 2865 879 2914 diem
899 2865 1026 2914 adrentus
1043 2863 1148 2926 Trajani
1168 2877 1181 2910 e
1199 2861 1267 2910 tier·

165 2944 263 3007 mania,
275 2952 407 2994 testantur
425 2945 477 2994 dno
499 2947 631 2996 Martialis
646 2947 910 3011 epigrammata,qnae
925 2946 981 3010 jam
999 2945 1133 2994 annotarit
1153 2942 1267 3007 biptinsa

165 3024 257 3076 Visum
270 3024 381 3074 mibiest
391 3039 422 3074 ea
432 3026 476 3074 lib.
489 3039 517 3075 xv.
530 3027 691 3090 epigramma
708 3037 810 3076 sextum
826 3028 877 3076 bite
889 3025 1045 3082 transferre,
1056 3033 1086 3074 ut
1102 3024 1128 3073 id
1146 3037 1204 3074 eum
1222 3022 1266 3072 de·

165 3103 309 3168 scriptione
326 3106 449 3155 Pliniana
465 3104 580 3157 conferri
598 3107 696 3170 possit:
713 3106 848 3170 ‘Felicem
859 3107 950 3171 quibus
967 3121 1031 3156 urna
1047 3105 1120 3154 dedit
1142 3110 1264 3168 spectare

165 3197 303 3236 coruscum
323 3186 426 3236 Solibus
444 3187 548 3238 arctois
565 3187 743 3252 sideribusque
760 3187 873 3237 ducem!
889 3187 1000 3238 Quando
1012 3187 1063 3236 erit
1079 3186 1122 3235 ille
1135 3185 1265 3248 diesque

164 3280 283 3331 campas,
300 3275 329 3317 et
347 3267 435 3330 arbor,
445 3274 473 3317 et
485 3267 573 3317 omnis
585 3267 698 3316 Lucebit
714 3267 791 3317 Latia
807 3268 879 3317 culte
897 3265 1013 3316 fenestra
1030 3279 1095 3316 unm
1106 3265 1124 3314 i·
1151 3265 1264 3316 Quando

165 3355 246 3398 moras
265 3347 363 3410 dulces,
383 3347 414 3413 (i.
434 3361 457 3398 e.
474 3349 572 3410 lentus,
584 3348 658 3412 isque
675 3347 794 3396 omnibus
812 3347 1036 3410 gratns'inoessue
1053 3346 1226 3410 Imperatoris
1237 3345 1267 3401 ira·

164 3427 288 3492 Urbem,)
301 3429 443 3493 longusque
463 3443 478 3478 a
495 3428 600 3478 Caesare
617 3429 709 3492 pulvis,
720 3429 839 3494 Totaque
851 3429 976 3478 Flaminia
988 3428 1070 3478 Roma
1083 3427 1195 3477 videnda
1207 3427 1265 3482 rial

164 3507 276 3558 Quando
288 3522 378 3572 eques,
393 3516 421 3558 et
431 3508 496 3572 picti
513 3509 602 3558 tunica
621 3509 740 3559 Nilotide
759 3509 857 3571 Mauri,
874 3509 951 3559 Ibitis
963 3509 975 3560 i·
988 3519 1015 3559 et
1033 3511 1122 3576 populi
1140 3525 1190 3560 voa
1210 3511 1267 3562 erit

164 3603 233 3638 nna:
255 3586 351 3638 reniti’
384 3588 417 3638 In
428 3589 740 3654 epigrammate-septimo
752 3590 867 3654 'ejusdem
878 3590 937 3640 iibri
953 3591 1030 3654 poe'ta
1040 3593 1181 3656 alloquitur
1192 3592 1262 3643 lanea

163 3677 236 3730 nam,
247 3665 354 3716 fluvium
366 3669 526 3731 Germaniae,
539 3669 571 3718 ad
584 3684 659 3733 quem
679 3685 761 3733 prope
779 3671 949 3732 Agrippinam
966 3684 1024 3718 cum
1043 3670 1160 3718 exercitu
1172 3677 1264 3719 conset

163 3747 240 3796 derat
256 3748 395 3810 Trajanm3
412 3749 486 3814 crrjus
500 3750 703 3814 epigrammatis
713 3751 740 3798 bi
758 3757 818 3798 suut
829 3751 887 3798 dno
897 3749 1021 3814 postremi
1033 3764 1121 3798 versus
1132 3749 1163 3798 :1‘
1173 3750 1263 3814 Traja-

163 3830 341 3892 tmmpoputis
360 3831 422 3891 suis,
433 3837 460 3879 et
477 3831 554 3891 Urbi,
565 3829 650 3879 Tibris
672 3835 699 3879 te
717 3829 836 3878 dominus
855 3836 941 3891 rogat,
960 3829 1077 3878 remittas
1090 3827 1118 3876 l'·
1139 3828 1216 3881 Quod
1228 3829 1261 3879 erl

163 3917 266 3958 nemrim
281 3909 390 3972 primum
408 3911 501 3974 prioris
520 3911 713 3974 epigrammatis
723 3910 833 3969 attinet,
843 3916 1063 3959 commentatores
1078 3910 1141 3959 mire
1159 3909 1261 3960 laboras*

164 3995 227 4036 rant
238 3989 265 4036 in
277 3990 431 4052 explicanda
440 4005 502 4041 voce
514 3991 610 4041 ‘aurea'
641 3992 713 4040 Urna
725 4005 787 4041 vero
799 3989 834 4039 ibi
843 3991 904 4039 nihil
914 3990 983 4040 eliud
993 3997 1033 4040 est
1044 4006 1119 4055 quam
1131 4005 1194 4053 sors,
1205 3991 1261 4042 alre

164 4065 287 4129 fortuna3
306 4071 367 4134 qnia
378 4078 471 4130 sortes,
479 4071 631 4123 moderante
644 4073 769 4135 Fortuna,
779 4070 955 4121 credebantur
964 4072 1036 4120 exire
1048 4085 1165 4121 exorna.
1186 4073 1260 4122 Pras

91 4145 94 4152 '
164 4146 235 4196 dicat
245 4149 326 4212 igitur
337 4149 415 4214 poiita
424 4165 471 4201 eoa
481 4151 584 4217 felices,
594 4152 686 4217 quibus
698 4153 765 4202 bona
775 4167 831 4202 sors
839 4153 998 4202 concesserit
1011 4151 1099 4202 ridere
1110 4153 1260 4216 Trajannm.

161 4225 233 4278 inter
251 4229 394 4282 Germanos
411 4232 561 4298 degentem,
572 4240 600 4284 et
616 4234 691 4284 rebus
709 4233 737 4283 in
749 4232 892 4284 Germania
908 4233 1018 4297 gloriose
1037 4234 1118 4298 gestis
1136 4234 1258 4286 inclares-
