3022 4852
593 397 831 448 ursruuarro.
1218 385 1262 453 15

162 547 251 611 enim
274 539 429 628 prolecto
445 541 634 625 jussissent
649 541 726 605 loca
741 540 828 604 male
844 544 974 606 tomatu
988 539 1105 610 incudi
1118 544 1265 609 reddere.

161 647 285 711 Putem
308 645 435 728 potius,
451 651 609 726 corrupta
631 643 724 707 illius
744 641 865 708 saeculi
880 641 1086 726 eloquentia,
1100 644 1264 710 Voconiis

163 747 282 812 eudem
302 747 445 828 probata
467 763 556 822 esse,
571 763 649 827 quae
663 742 796 823 Plinio;
821 742 941 809 eudem
961 749 1048 808 certo
1063 748 1176 829 gustui
1189 746 1266 812 illo·

163 866 237 912 rum
251 854 438 930 tempomm
454 844 626 911 communi
640 844 753 909 danda
769 861 847 909 esse
862 862 921 908 cos
935 845 1158 912 existimasse.
1254 881 1257 898 ·

208 949 396 1014 Consilium
426 953 550 1024 autem,
582 947 675 1030 quod
702 948 738 1011 iu
760 945 961 1011 elaboranda
984 945 1180 1031 edendaque
1200 950 1265 1014 hac

163 1050 327 1115 Oratione
342 1055 479 1114 secutus
494 1050 551 1128 sit,
566 1049 694 1115 Noster
708 1049 783 1132 ipse
798 1048 927 1114 iudicat
941 1048 1020 1133 (Ep.
1037 1050 1267 1129 111.18.)loco

164 1171 188 1217 a
210 1153 384 1216 verborum
411 1150 590 1232 elegantia,
614 1150 917 1231 sententiarumque
932 1149 1072 1215 veritate
1093 1152 1269 1235 proeclaro.

165 1252 341 1317 ‘Primum
363 1256 403 1314 ut
418 1250 614 1336 Imperatori
629 1254 746 1314 nostro
762 1250 905 1314 virtutes
921 1267 994 1314 suaa
1010 1252 1098 1316 veris
1111 1251 1269 1318 laudibus

164 1352 498 1440 commendarentur;
521 1349 639 1414 deiude
657 1358 696 1414 ut
721 1349 826 1414 futuri
846 1349 1034 1435 Principes,
1048 1371 1116 1416 nou
1136 1355 1271 1436 quasia

164 1456 339 1538 magistro,
363 1453 425 1518 sod
439 1457 549 1517 tamen
570 1453 634 1516 sub
649 1451 809 1535 exemplo
823 1459 1115 1535 praemouoreutur,
1130 1474 1196 1536 qua
1211 1475 1271 1536 po-

165 1557 335 1622 tissimum
352 1556 408 1619 via
430 1561 572 1639 possent
588 1554 632 1618 ad
646 1554 785 1619 eandem
802 1555 943 1636 gloriam
958 1554 1034 1619 niti.
1080 1551 1171 1620 Nam
1186 1575 1273 1639 prac-

165 1658 291 1740 cipere,
305 1657 416 1739 qualis
430 1676 507 1720 esse
522 1655 642 1721 debeat
660 1656 829 1740 princeps,
846 1654 1025 1738 pulchrum
1048 1655 1197 1739 quidem,
1213 1657 1274 1722 sed

167 1776 348 1822 onerosum
368 1777 409 1822 ac
431 1777 536 1841 prope
560 1758 742 1840 superbum
763 1763 834 1821 est:
856 1756 996 1821 laudare
1011 1775 1091 1821 vero
1113 1759 1273 1840 optimum

167 1857 374 1943 Principem,
388 1879 428 1924 ao
441 1879 500 1943 per
509 1857 575 1923 hoc
590 1857 747 1941 postoris,
756 1857 850 1922 velut
861 1877 881 1921 e
893 1858 1035 1940 specula
1044 1856 1167 1935 lumen,
1181 1860 1274 1943 quod

169 1965 363 2043 sequautur,
375 1960 559 2040 ostendere,
570 1960 658 2025 idem
670 1959 831 2026 utilitatis
840 1959 951 2037 habet,
962 1959 1159 2041 arrogantiae
1174 1959 1276 2024 uihil.'

171 2059 277 2139 Quod
292 2070 467 2146 utmmque
479 2061 658 2127 consilium
672 2061 772 2126 laude
784 2068 841 2126 est
854 2059 1096 2144 dignissimum.
1139 2060 1277 2126 Debent

170 2164 260 2228 euim
279 2165 347 2230 hoc
360 2165 456 2228 liberi
470 2165 679 2248 parentibus,
696 2164 792 2229 cives
811 2163 969 2248 principi,
984 2167 1022 2227 ut
1042 2181 1223 2246 agnoscere
1238 2181 1276 2228 so

170 2264 437 2348 magnitudinem
448 2270 483 2329 ot
497 2265 743 2332 multitudinem
755 2265 991 2330 beneficiorum
1007 2265 1275 2330 sibitributorum

171 2364 404 2448 profiteantur.
464 2365 519 2430 lta
533 2365 620 2429 cuim
637 2366 687 2430 illi
705 2373 740 2430 et
754 2384 905 2430 curamm
920 2385 1056 2430 suarum
1069 2365 1211 2431 sructum
1229 2366 1278 2430 se-

171 2474 263 2542 runt,
282 2467 564 2549 jucundissimum
586 2467 680 2533 illum
704 2469 803 2533 etiam
826 2468 945 2532 animis
962 2469 1005 2534 ab
1028 2470 1117 2534 omui
1132 2469 1280 2533 vanitate

174 2568 307 2644 alienis,
321 2579 355 2630 et
368 2573 454 2632 nova
473 2568 548 2632 inde
562 2576 733 2635 momenta
748 2570 928 2652 accipiunt,
940 2588 1008 2652 quo
1016 2570 1142 2653 majore
1151 2570 1187 2633 iu
1201 2588 1278 2653 pos·

173 2674 279 2733 terum
295 2669 407 2734 studio
424 2655 557 2734 suornm
571 2670 673 2733 saluti
684 2670 871 2734 consulant.
894 2668 1016 2752 Neque
1027 2670 1061 2733 id
1076 2673 1280 2754 aquo'quam

173 2770 298 2834 rectius
313 2769 384 2834 fieri
395 2775 519 2853 potest,
535 2789 634 2852 quam
650 2770 693 2834 ab
709 2789 761 2846 eo,
776 2769 836 2852 qui
849 2767 1008 2834 facundia
1022 2770 1171 2853 aequales
1192 2777 1282 2834 ante·

175 2872 278 2950 cellit,
289 2893 332 2938 ua
342 2893 396 2938 res
405 2873 560 2955 'insignes
574 2871 716 2937 diceudo
726 2870 921 2936 sordescant
930 2872 1051 2949 venus,
1068 2891 1170 2955 quam
1183 2872 1281 2936 illus·

177 2977 316 3038 treutu'r.
361 2973 476 3038 Unum
498 2975 599 3038 modo
620 2972 706 3038 illud
726 2971 806 3039 talis
830 2980 939 3038 orator
960 2978 1083 3052 teneat,
1102 2982 1140 3041 ut
1155 2995 1177 3040 a
1191 2977 1280 3058 turpi

177 3075 243 3139 sibi
258 3075 463 3141 adulationis
479 3076 618 3140 crimine
632 3080 761 3151 caveat,
784 3093 851 3158 qua
864 3075 1045 3157 multiplex
1062 3075 1217 3141 damnum
1232 3079 1282 3141 iu·

177 3177 286 3240 fertur
295 3182 329 3240 et
342 3176 492 3262 Principi
505 3186 538 3241 et
554 3176 780 3260 Reipublicae.
802 3176 926 3258 Neque
939 3183 1023 3254 erat,
1036 3197 1096 3241 cur
1111 3178 1187 3258 quis
1199 3178 1280 3242 adu-

177 3275 301 3340 laretur
316 3277 475 3361 Trajauo,
496 3277 592 3358 cujus
611 3277 692 3354 vita,
711 3295 833 3352 mores,
855 3283 889 3340 et
910 3276 1063 3341 instituta
1082 3278 1282 3344 latissimum

178 3397 254 3441 vere
269 3384 391 3441 etcum
412 3377 478 3442 fide
493 3377 654 3444 laudandi
669 3399 826 3463 campum
844 3382 1119 3463 praestomebaut.
1165 3382 1283 3464 ‘iAdeo

179 3479 288 3554 enim,'
306 3478 421 3562 judice
444 3479 606 3564 Eutropio
623 3498 709 3545 vm.
721 3483 754 3548 2.
778 3485 834 3547 ‘iu
847 3504 889 3548 eo
904 3484 1010 3568 gloria
1021 3485 1183 3550 bonitatis
1198 3487 1282 3549 obti-

180 3581 261 3658 nuit,
277 3588 316 3644 ut
330 3581 384 3644 vel
398 3584 656 3660 assentantibus,
671 3584 727 3648 vel
742 3604 820 3649 vore
832 3585 1046 3652 laudantibus
1067 3588 1283 3653 occasionem

180 3681 500 3763 magnificentissimi
520 3683 837 3770 praestetexempli.’
882 3687 1003 3771 Neque
1018 3689 1157 3753 altemm
1174 3688 1283 3751 oonsi-

182 3781 262 3846 lium
274 3803 340 3847 uou
354 3791 467 3868 potest
481 3804 545 3848 uon
558 3787 705 3868 probari.
739 3789 776 3852 si
790 3789 874 3853 onim
886 3789 1111 3872 Xenophonti
1122 3788 1213 3853 laudi
1225 3789 1282 3856 du·

183 3885 281 3958 citur,
309 3887 402 3969 quod
419 3886 499 3969 Cyri
519 3888 691 3954 historiam
714 3890 757 3954 ad
781 3892 970 3972 exemplum
993 3889 1133 3974 perfecti
1156 3891 1284 3974 imperii

182 3984 303 4064 finxit;
326 4007 392 4050 uon
414 3989 540 4052 minore
564 3989 599 4052 in
619 3990 745 4054 honore
766 3993 966 4074 ponaturis‚
984 3993 1143 4075 quiveris
1166 3994 1284 4076 optimi

183 4086 354 4169 Principis
383 4089 539 4154 laudibus
559 4090 762 4156 extollendis
789 4092 877 4158 idem
901 4093 1076 4157 consilium
1101 4096 1283 4176 spectavit.

184 4187 297 4271 Atque
312 4189 346 4254 id
364 4191 532 4256 commodi
547 4193 652 4273 magis
670 4193 773 4259 ctiam
788 4196 831 4258 ab
848 4199 977 4259 oratore
993 4203 1167 4277 expectes,
1183 4213 1283 4278 quam
