3022 4852
226 350 269 415 aa
497 363 675 411 c.nr.1u11
703 363 854 412 enormi
880 365 1045 414 sscunnr

226 508 348 570 diserte
362 505 482 589 prodit.
526 504 629 588 Cujus
641 505 783 588 legionis
800 515 909 570 castra
923 506 956 570 in
972 506 1162 583 Phoenicia,
1177 507 1322 572 nondum

226 607 288 670 hoc
302 612 448 689 tempore
462 606 568 689 Syriae
585 607 717 682 avulsa,
732 606 846 683 fuisse,
862 608 1021 671 docemur
1035 626 1056 670 a
1071 607 1208 670 Dione.¹
1232 607 1323 672 Hinc

227 707 261 768 in
287 707 361 771 aliis
382 708 532 790 inscript.
556 725 616 790 pro
639 724 721 773 nno.
748 708 1322 790 111.cnnn.snpplendum,rn1s.
1404 781 1406 786 ,
1503 773 1504 778 ,

229 825 313 872 nno.
344 824 400 871 ιιι.
427 823 539 870 osen.
579 826 620 871 ac
646 828 705 891 pro
740 826 820 871 nno.
849 827 900 871 vr.
933 825 1044 872 osen.
1074 811 1124 874 sio
1149 808 1325 875 emendan-

228 910 327 973 dum:
349 926 451 972 'rnre
469 926 551 972 nno.
572 925 630 972 ιιι.
653 926 768 974 osne.
813 911 854 975 In
870 931 910 974 ea
925 919 1037 974 autem
1054 912 1175 975 militia
1190 910 1324 974 Plinius

227 1011 472 1074 commilitones
488 1009 606 1074 habuit
625 1012 716 1075 viros
738 1018 857 1093 postea
875 1013 996 1089 claros,
1014 1012 1211 1077 Calestrium
1226 1012 1323 1076 Tiro-

227 1130 315 1188 nem,
333 1112 397 1193 Ep.
415 1127 482 1174 vr1.
501 1111 555 1174 16.
600 1111 777 1176 Claudium
801 1113 998 1190 Pollionem,
1022 1114 1129 1197 cujus,
1148 1134 1223 1178 cum
1240 1132 1323 1195 prae-

228 1218 318 1277 esset
331 1214 395 1276 alae
415 1214 560 1292 militari,
583 1233 744 1277 summam
759 1215 991 1295 integritatem,
1007 1218 1069 1280 διο.
1090 1216 1219 1280 invenit
1236 1213 1323 1276 Nos-

227 1321 289 1404 ter,
300 1314 420 1397 jussus
440 1335 461 1380 a
482 1317 596 1398 legato
618 1315 786 1379 consulari
810 1315 972 1379 rationem
997 1317 1122 1380 alarum
1151 1323 1185 1379 et
1209 1314 1326 1379 cohor·

109 1421 115 1430 ‘
228 1418 312 1479 tium
338 1423 508 1495 excutere,
532 1417 597 1501 Ep.
626 1434 694 1480 vrr.
717 1418 771 1482 31.
796 1425 899 1500 atque
930 1417 1171 1504 Nymphidium
1193 1417 1324 1500 Lupum

228 1521 304 1606 tunc
318 1519 527 1601 praefectum,
544 1519 608 1601 Ep.
623 1535 662 1580 ιι.
679 1519 733 1582 19.

272 1618 399 1683 Eodem
418 1629 565 1704 ternpore
587 1619 719 1683 Plinius
740 1619 944 1701 Euphratem
961 1619 1197 1701 philosophum
1213 1619 1248 1681 in
1264 1617 1324 1701 Sy-

228 1721 278 1782 ria
294 1722 445 1802 ‘penitus
469 1729 503 1783 et
525 1720 614 1784 domi
638 1721 796 1802 inspexit,
818 1720 989 1802 amarique
1011 1721 1054 1783 ah
1075 1740 1116 1782 eo
1139 1718 1327 1794 laboravit,’

229 1819 292 1903 Ep.
310 1838 332 1884 1.
349 1823 403 1886 10.
446 1819 693 1886 Artemidorum
707 1821 827 1903 pariter
842 1820 1091 1903 philosophum,
1109 1821 1255 1884 Musonii
1270 1841 1325 1904 ge-

228 1943 355 2000 nerum,
374 1929 487 1989 ‘arcta
497 1925 725 1989 familiaritate
736 1922 932 2006 complexus
943 1920 1017 1998 est,'
1033 1921 1240 2005 Ep.111.ll.

272 2024 420 2088 Plinium
438 2031 547 2090 antem
565 2024 851 2088 adolescentulum
866 2022 986 2100 fuisse,
999 2043 1074 2087 cum
1086 2024 1120 2086 in
1133 2023 1230 2106 Syria
1243 2023 1325 2086 rnili-

230 2130 326 2202 taret,
343 2132 485 2189 testatur
500 2124 565 2207 Ep.
584 2141 610 2186 ι.
625 2126 679 2188 lt).
711 2124 790 2201 Qua
806 2143 890 2188 voce
905 2143 982 2186 curn
995 2131 1119 2200 utatur,
1136 2143 1274 2187 narrans
1290 2142 1327 2186 se

231 2226 478 2304 Quintilianum
491 2225 664 2289 rhetoricae
681 2231 919 2307 praeceptorem
933 2224 1174 2306 frequentasse,
1195 2226 1258 2307 Ep.
1276 2240 1327 2287 vr.

229 2329 262 2392 6.
274 2328 351 2390 hinc
366 2328 409 2390 cl.
424 2327 472 2390 H.
487 2327 546 2390 D!
560 2326 714 2403 affirmat,
739 2331 887 2390 ‘certum
902 2345 975 2389 esse
998 2325 1101 2390 hanc’
1127 2326 1229 2390 Plinii
1246 2327 1327 2390 ado-

207 2487 211 2507 ι
229 2429 402 2494 lesoentuli
418 2434 428 2463 ‘
442 2435 577 2492 aetatem
590 2429 750 2492 minorem
766 2426 870 2490 fuisse
884 2445 973 2492 anno
989 2426 1137 2509 ejusdem
1154 2443 1241 2492 xlx.
1257 2448 1326 2512 quo

229 2532 370 2616 primam
396 2550 533 2594 causam
556 2530 623 2610 egit
646 2529 681 2592 in
705 2527 792 2602 foro,
815 2527 1005 2608 perfunctus
1028 2529 1182 2592 nimirum
1201 2529 1326 2592 scholae

230 2632 402 2696 rhetoricae
415 2632 595 2714 disciplina
605 2651 613 2694 ε
624 2638 728 2713 atque
742 2649 847 2692 annos
862 2629 940 2693 illos
949 2629 1188 2694 adolescentiae
1200 2631 1327 2694 Plinia·

230 2753 284 2798 nae
301 2721 343 2798 ah
356 2754 431 2800 ann.
449 2731 525 2796 Chr.
538 2748 660 2794 nxxv.
675 2737 799 2814 etpost
814 2732 903 2795 diem
918 2733 1041 2794 mensis
1051 2729 1200 2812 Augusti
1216 2747 1329 2796 xxm.

230 2835 389 2915 incipere,
403 2840 438 2896 et
452 2833 494 2894 ad
511 2852 586 2894 ann.
605 2847 779 2894 nxxvru.
793 2832 912 2894 saltem
931 2838 1111 2894 exeuntem
1125 2829 1328 2915 pertingere?

117 2917 123 2932 ⁸
232 2932 334 3010 Quod
347 2934 377 2996 si
392 2940 573 3008 constaret,
585 2938 655 2994 tum
671 2931 773 2994 Plinii
789 2930 909 2995 militia
920 2938 1017 2995 esset
1028 2933 1115 2994 intra
1124 2932 1204 2995 illos
1220 2933 1329 2995 termi-

211 3029 212 3032 '
231 3023 610 3111 nosdefiniende,multo
621 3032 729 3109 citius,
738 3051 838 3114 quam
847 3033 1035 3114 posuimus.
1050 3032 1158 3095 Immo
1167 3052 1241 3096 cum
1253 3053 1328 3096 ann.

232 3137 344 3201 aetatis
366 3152 482 3199 xrrn.
502 3134 625 3199 Miseni
640 3134 748 3212 fuerit,
773 3154 813 3198 ac
835 3135 992 3216 sequenti
1007 3133 1127 3197 Romae
1144 3153 1280 3198 cansam
1296 3135 1329 3196 in

230 3241 303 3302 foro
319 3239 439 3318 egerit3
455 3256 596 3300 necesse
606 3235 702 3306 foret,
713 3243 751 3300 ut
764 3243 840 3298 ante
855 3243 1032 3316 utrumque
1047 3253 1167 3297 annum
1183 3234 1218 3296 in
1232 3233 1330 3316 Syria

231 3341 426 3408 militasset.
480 3335 528 3398 At
543 3337 647 3398 multa
668 3337 816 3410 obstant,
834 3355 903 3416 quo
919 3335 1026 3398 minus
1041 3335 1140 3398 istam
1156 3354 1177 3397 a
1193 3335 1329 3398 doctiss.

232 3442 305 3503 viro
322 3440 433 3502 datam
451 3438 546 3500 vocis
562 3441 571 3469 ‘
585 3434 846 3499 adolescentuli’
862 3436 1121 3517 explicationem
1138 3455 1329 3518 sequamur.

231 3542 265 3605 1.
290 3541 440 3623 ipsemet
457 3539 590 3602 Plinius
607 3558 643 3602 se
662 3538 698 3600 in
720 3535 1052 3620 ‘eastris'jnvenem’
1074 3537 1179 3600 fuisse
1204 3538 1328 3619 pariter

233 3643 358 3719 scribit,
373 3640 439 3723 Ep.
456 3655 539 3702 vrtr.
552 3642 584 3702 4.
628 3640 661 3704 2.
684 3637 782 3702 Idem
794 3639 947 3702 Asinium
960 3637 1104 3700 Bassum
1116 3642 1214 3701 vocat
1228 3637 1329 3700 ‘ado-

232 3741 490 3818 lescentulum3'
515 3759 592 3802 cum
615 3748 724 3804 tamen
745 3747 949 3821 quaesturam
974 3747 1117 3820 peteret,
1133 3757 1173 3800 ac
1188 3737 1328 3818 proinde

232 3847 285 3908 24.
301 3845 472 3906 minimum
487 3860 601 3902 annos
621 3850 722 3903 natus
738 3848 852 3919 esset3
875 3839 961 3903 unde
984 3837 1176 3921 ‘juvenem’
1194 3858 1328 3922 quoque

233 3951 265 4008 et
281 3950 290 3978 ‘
304 3939 568 4007 adolescentem’
593 3961 666 4004 eum
683 3941 848 4023 appellat,
867 3941 928 4023 Ep.
946 3956 998 4003 ιν.
1015 3940 1067 4002 15.
1112 3938 1166 4004 Ita
1182 3947 1219 4004 et
1234 3937 1327 4018 Qua·

266 4111 277 4135 ²
294 4093 351 4148 LibL
363 4111 407 4149 nv.
420 4115 445 4162 p.
456 4101 515 4153 564.

268 4183 281 4212 ⁸
300 4175 392 4226 Annei.
403 4175 514 4226 Quintil.
532 4189 558 4239 p.
572 4176 629 4223 108.
652 4171 713 4223 vid.
724 4179 751 4223 et
767 4176 845 4238 pcld.
