3100 4854
271 358 315 423 80
548 373 580 418 c.
605 369 723 418 rururr
748 369 893 418 uncrnrr
919 367 1084 418 suevum

273 525 326 580 tot
340 512 502 596 epistolar,
513 529 576 576 sex
589 530 707 594 nempe
721 529 868 585 numero,
883 512 926 574 ab
941 512 1022 574 urbe
1036 511 1071 574 iu
1085 509 1359 588 Germaniam,et

273 619 347 680 vice
363 631 469 690 versa,
486 612 657 676 conscribi
674 618 708 674 et
722 613 897 676 transmitti
912 618 1097 692 potuerunt.
1142 611 1209 674 Sed
1227 611 1295 676 illis
1309 612 1357 677 bi·

272 714 504 780 mestremodo
518 712 752 777 concedamus.
795 709 952 775 Attamen
977 713 1008 774 si
1031 720 1111 794 post
1133 711 1215 776 Idus
1234 712 1358 778 Octob.

273 817 360 878 datae
390 814 551 886 dicantur,
578 817 644 874 tum
672 811 875 874 lecaciter
903 812 976 874 dies
1005 822 1210 892 supererunt,
1235 814 1357 895 quibus

272 915 440 997 Trajauus
462 912 611 975 debuerit
634 910 778 974 Romam
790 912 906 985 redire,
923 918 957 975 et
970 919 1080 976 cetera
1096 932 1263 994 peragere,
1280 932 1357 994 quaa

272 1016 424 1098 superius
439 1011 646 1077 ostendimus
661 1011 704 1074 ab
716 1031 758 1073 eo
772 1019 849 1096 post
863 1011 1003 1075 reditum
1018 1019 1166 1092 peracta,
1177 1019 1358 1094 antequam
1444 1025 1462 1111 ’ἱ

273 1115 355 1180 Kal.
367 1114 448 1177 Jau.
465 1113 596 1176 tertium
611 1113 707 1175 iniret
722 1113 941 1175 consulatum.
997 1110 1099 1189 Quod
1117 1131 1191 1176 cum
1206 1113 1296 1176 dictu
1314 1111 1359 1179 sit

272 1215 464 1292 absurdum,
486 1214 615 1277 idcirco
630 1217 756 1276 certum
776 1220 949 1295 ratumque
970 1218 1113 1287 maneat,
1127 1213 1308 1296 Trajanum
1324 1221 1359 1276 et

271 1333 386 1378 meuse
399 1313 556 1397 Augusto
577 1314 649 1397 jam
671 1316 704 1376 in
725 1314 825 1377 ltalia
838 1313 989 1380 reducem
1004 1315 1116 1388 fuisse,
1132 1334 1207 1379 cum
1223 1314 1357 1378 Plinius

270 1422 490 1480 commeatum
504 1423 644 1497 peteret.

314 1517 395 1581 Hoc
421 1523 529 1580 autem
552 1518 739 1598 impetrato,
762 1516 825 1599 Ep.
842 1531 883 1580 x.
902 1516 956 1578 25.
980 1536 1055 1579 cum
1078 1515 1205 1579 Noster
1223 1535 1303 1579 mox
1322 1516 1358 1580 in

270 1617 403 1680 Tuscos
419 1617 633 1686 excurrisset,
667 1617 787 1696 ‘legati
805 1617 985 1698 provinciae
999 1617 1137 1682 Baetica
1151 1617 1301 1698 questuri
1314 1615 1358 1680 de

271 1715 513 1798 proconsulatu
530 1714 663 1778 Caecilii
678 1714 821 1778 Classici
837 1735 911 1778 eum
924 1735 945 1779 a
957 1724 1069 1779 senatu
1082 1714 1267 1796 petierunt!
1289 1715 1358 1778 Sed

270 1815 409 1895 collegis
423 1834 499 1878 eum
514 1816 764 1886 excusantibus,
785 1815 928 1879 ‘factum
944 1824 999 1880 est
1014 1817 1048 1878 S.
1064 1815 1103 1880 C.
1124 1835 1285 1898 perquam
1300 1815 1359 1880 ho·

271 1915 465 1992 notificum,'
487 1922 525 1980 ut
549 1915 680 1978 Plinius
712 1915 862 1980 ‘daretur
892 1916 1154 1998 provincialibus
1185 1923 1358 1998 patronus,

271 2018 299 2078 si
324 2018 366 2079 ab
389 2019 465 2098 ipso
489 2035 567 2078 eum
591 2007 852 2096 impetrassent,’
875 2016 938 2099 Ep.
956 2019 1061 2079 ιιι.4.
1098 2016 1177 2079 Vid.
1192 2021 1224 2078 et
1246 2017 1310 2097 Ep.
1325 2015 1358 2080 9.

269 2117 356 2178 Tum
372 2117 473 2179 etiam
488 2115 621 2192 Noster,
637 2115 740 2178 literis
754 2117 797 2178 ab
815 2115 957 2180 Octavio
972 2116 1064 2180 Ruso
1079 2135 1118 2180 ea
1134 2116 1176 2180 de
1193 2135 1225 2178 re
1239 2133 1358 2196 accep·

271 2217 328 2292 tis,
343 2215 466 2296 quibus
481 2217 511 2277 is
525 2214 660 2278 videtur
674 2213 856 2295 flagitasse,
873 2222 909 2280 ut
927 2217 983 2280 illo
1004 2236 1041 2279 se
1063 2222 1241 2279 excusaret
1256 2215 1358 2280 Baeti·

269 2316 332 2392 cis,
355 2316 385 2378 si
409 2315 511 2378 nollet
536 2319 651 2377 contra
673 2314 821 2377 Baeticos
842 2315 997 2380 Classico
1023 2317 1158 2393 adesse;
1180 2315 1359 2398 respondet

270 2417 334 2498 Ep.
352 2432 376 2477 ι.
391 2416 421 2479 7.
438 2435 513 2498 quae
534 2415 600 2479 buc
625 2415 866 2492 transferenda,
889 2423 923 2481 et
946 2419 1022 2482 inde
1043 2417 1214 2498 praecipue
1237 2424 1358 2479 notan·

269 2516 359 2594 dum,
375 2518 462 2599 quod
479 2517 542 2579 sub
559 2516 653 2580 finem
670 2517 764 2592 dicit,
787 2537 824 2580 se
847 2518 960 2581 ‘circa
982 2518 1065 2582 Idus
1081 2517 1202 2581 Octob.
1222 2535 1356 2598 sperare

144 2641 146 2647 ·
269 2617 390 2680 Romae
406 2615 577 2680 futurum!
643 2657 646 2664 ,

312 2718 398 2782 Post
414 2737 490 2783 vero
506 2718 611 2781 Plinii
633 2737 652 2781 e
673 2718 796 2783 Tuscis
818 2719 970 2795 reditum,
985 2724 1022 2782 ut
1041 2737 1085 2780 ex
1101 2717 1248 2781 dicendis
1265 2718 1357 2782 colli-

269 2819 366 2898 gitur,
394 2818 717 2898 comprovinciales
744 2816 830 2894 Afri,
847 2818 910 2900 Ep.
935 2834 977 2880 ιι.
999 2818 1052 2882 11.
1080 2823 1251 2899 patronum
1279 2837 1355 2880 eum

269 2921 461 2996 ‘optassent
483 2922 599 2976 contra
621 2914 766 2978 Matium
785 2915 963 2991 Priscum,’
986 2919 1044 2998 qui
1067 2936 1111 2980 ex
1131 2917 1261 2980 Baetica
1281 2936 1356 2999 pro·

269 3014 476 3094 consulatum
496 3016 529 3078 in
544 3013 660 3078 Africa
682 3015 798 3078 eodem
819 3035 906 3079 auno
921 3026 1077 3098 gesserat,
1093 3036 1161 3099 quo
1176 3018 1210 3079 iu
1225 3017 1355 3082 Baetica

270 3115 442 3179 Classicus
455 3127 500 3178 'ex
516 3115 631 3179 Africa
646 3114 817 3194 oriundus,
840 3116 906 3198 Ep.
919 3132 977 3182 ιιι.
992 3117 1024 3180 9.
1041 3118 1106 3200 Ep.
1121 3134 1161 3179 ιι.
1182 3117 1231 3180 tl.
1263 3117 1355 3182 Nos-

268 3225 318 3280 ter
341 3221 396 3278 ‘et
420 3216 518 3298 petiit
534 3217 663 3279 veniam
685 3214 784 3299 hujus
802 3219 957 3292 muueris,
978 3224 1012 3281 et
1035 3219 1225 3300 impetravit
1234 3219 1253 3293 ;'
1276 3221 1356 3301 quia

269 3316 341 3378 soil.
365 3320 419 3377 ‘ut
433 3317 575 3395 primum
590 3314 790 3397 promotus’·
801 3316 907 3381 fuerat
922 3317 965 3382 ad
980 3319 1212 3400 praefecturam
1234 3319 1356 3394 aerarii,

268 3415 443 3477 ‘omnibus
459 3414 734 3478 advocationibus
749 3416 1006 3494 renuntiaverat,
1026 3423 1065 3480 ut
1085 3423 1157 3480 toto
1174 3417 1284 3480 animo
1297 3418 1354 3481 de-

267 3514 380 3593 legato
394 3512 459 3574 sibi
474 3511 580 3576 officio
595 3513 751 3590 vacaret:
773 3514 838 3596 Ep.
855 3529 892 3578 ιι.
908 3515 962 3580 20.
1262 3503 1266 3507 ’

312 3612 438 3675 Postea
461 3619 569 3675 tamen
596 3612 725 3676 Plinius
751 3618 874 3692 annuit,
898 3623 998 3699 atquo
1013 3615 1179 3693 Afrorum,
1206 3619 1294 3681 sicut
1319 3624 1354 3682 ot

268 3716 469 3780 Baeticorum
484 3731 620 3776 oausam
636 3732 690 3778 an.
707 3733 776 3796 seq.
792 3716 868 3796 egit,
884 3722 921 3779 ut
936 3718 1036 3781 modo
1051 3735 1273 3798 exponemus.

601 3964 666 4029 An.
683 3964 759 4029 Chr.
775 3983 806 4027 (ι.
850 3966 914 4031 Au.
933 3969 1002 4031 AEt.
1023 3973 1077 4052 ἐξ.

312 4107 391 4172 Hoc
404 4130 455 4174 an.
467 4111 547 4176 Kal.
562 4111 641 4177 Jan.
656 4111 821 4195 Trajanus
839 4113 918 4178 Cos.
933 4130 990 4177 ιιι.
1005 4115 1183 4197 processit,
1201 4114 1354 4192 omnibus

267 4205 385 4275 Fastis
394 4213 542 4292 testibus,
558 4218 591 4278 et
606 4213 805 4294 suffragante
818 4215 939 4294 Plinio,
950 4215 1009 4299 qui
1021 4216 1106 4280 Pan.
1118 4235 1194 4302 cap.
1210 4233 1291 4280 mx.
1306 4217 1355 4282 di·
