3100 4854
259 400 325 465 116
687 413 924 466 rhemnonis
990 425 1000 434 ·

340 650 459 716 Brevis
475 650 673 716 annotatio·
687 651 729 716 de
744 651 877 718 dnobus
891 651 1015 720 Pliniis
1031 655 1282 726 Veronensibus

402 749 598 818 Oratoribus
614 772 659 818 ex
674 754 791 818 multis
805 756 881 820 hinc
896 757 973 822 inde
987 759 1136 824 collecta
1151 780 1213 843 per

452 853 619 920 loannem
635 855 907 923 Mansionarinm
924 857 1170 938 Veronensom.

280 1005 335 1072 Ex
357 1007 459 1073 duob.
474 1005 572 1073 codd.
589 1005 676 1074 Mss.
693 1026 759 1073 uno
775 1007 972 1090 Bodleiano,
987 1010 1092 1075 altero
1107 1009 1336 1077 Lineolniensi

758 1111 861 1175 edita.

302 1227 408 1292 Plinii
428 1226 495 1292 duo
518 1226 625 1292 fuisse
647 1234 830 1295 noscuntur
851 1230 970 1296 eodem
987 1231 1120 1296 nomine
1134 1235 1166 1295 et
1182 1231 1359 1316 praenomi-

258 1333 357 1396 nibus
373 1331 548 1415 appellati,
562 1331 628 1396 hoc
644 1331 763 1397 titulo:
789 1331 893 1398 Gaius
909 1334 1041 1399 Plinius
1056 1333 1232 1399 Secundus
1247 1331 1356 1398 Vero-

257 1435 372 1498 nensis
396 1433 526 1499 Orator.
584 1432 626 1497 In
653 1433 759 1516 priori
786 1433 898 1500 Plinio
922 1436 986 1502 hoc
1010 1456 1129 1500 nomen
1156 1431 1358 1500 Secundus*

258 1538 393 1602 denotat
415 1537 764 1619 proenominationem3
787 1538 821 1601 iu
845 1537 949 1602 altero
973 1557 1052 1603 vero
1077 1537 1186 1601 innuit
1208 1537 1357 1601 ordinem

257 1639 397 1714 numeri,
411 1645 451 1702 ut
473 1637 517 1702 sit
539 1658 561 1700 a
582 1638 690 1721 primo
713 1639 889 1704 secundus.
932 1638 1052 1704 Junior
1071 1639 1203 1704 Plinius
1218 1636 1356 1704 titulum

257 1740 361 1820 habet
375 1738 491 1804 talem:
515 1737 590 1804 Caii
607 1737 708 1803 Plinii
722 1737 868 1804 Secundi
885 1739 1037 1806 Oratoris
1050 1740 1266 1819 Veronensis,
1283 1739 1358 1805 No·

257 1841 487 1921 uocomensis3
510 1839 602 1925 quod
616 1860 725 1906 novus
736 1841 904 1908 habitator
914 1841 1090 1908 (inmensis
1102 1843 1211 1919 suerit,
1223 1850 1258 1905 et
1271 1862 1358 1925 prae·

257 1945 356 2029 cipue
362 1943 464 2028 juxta
475 1944 585 2008 lacum
595 1943 755 2021 Ιιιιίιιιιι,ο
767 1945 826 2030 qui
839 1945 1009 2010 Cumanus
1021 1944 1155 2022 dicitur,
1166 1945 1224 2009 ubi
1236 1944 1358 2009 fundos

257 2047 482 2129 amplissimos
504 2046 632 2122 hahuit,
658 2052 694 2110 ut
719 2047 888 2129 colligitur
912 2046 1060 2131 ejusdem
1084 2045 1186 2111 Plinii
1213 2042 1357 2112 Minoris

257 2147 414 2230 Epistola
426 2147 544 2211 ultima
559 2149 669 2230 quarti
684 2149 761 2212 libri
777 2149 818 2213 ad
836 2149 964 2214 Suram.
1010 2147 1110 2227 Quod
1134 2154 1243 2212 autem
1259 2147 1358 2212 fuerit

256 2245 472 2325 Veronensis,
489 2248 583 2331 ponit
597 2248 672 2312 libri
687 2250 772 2315 sexti
788 2250 948 2334 Epistola
963 2249 1080 2315 ultima
1095 2250 1137 2314 ad
1154 2246 1356 2314 Maximum.

258 2349 371 2434 Major
392 2350 522 2414 Plinius
537 2349 581 2414 de
597 2369 633 2414 sc
647 2351 724 2434 ipso
740 2351 823 2416 dicit
839 2351 929 2434 quod
946 2349 1045 2417 luerit
1061 2351 1174 2435 patria
1190 2349 1358 2414 Veronen-

258 2451 366 2516 eisin
392 2449 581 2536 principiod
608 2454 764 2534 prooemii
787 2453 946 2518 librorum
973 2452 1146 2518 Naturalis
1172 2451 1358 2534 Historiae3

256 2575 333 2619 nam
357 2553 596 2618 introducens⁸
618 2555 812 2637 exemplum
828 2552 957 2620 Valerii
973 2553 1098 2620 Catulli
1114 2553 1233 2618 Poiitae
1247 2552 1358 2618 Vero·

256 2657 370 2723 nensis
392 2676 469 2720 eum
491 2661 740 2721 conterraneum
761 2675 860 2720 suum
875 2663 987 2736 vocat,
1003 2657 1152 2721 scribens
1168 2655 1212 2728 ad
1227 2649 1359 2740 Vespa·

223 2759 227 2772 ⁸
257 2759 389 2823 sianum
404 2757 609 2842 Augustum.

279 2899 285 2910 ι
301 2861 446 2924 Fuerunt
467 2864 579 2922 autem
601 2859 703 2921 ambo
719 2857 821 2923 Plinii
837 2861 947 2942 magni
968 2855 1173 2944 philosophi,
1188 2867 1222 2923 et
1235 2861 1357 2926 summi

258 2967 409 3025 oratores
433 2977 474 3022 ac
496 2955 660 3034 historici,
676 2957 887 3024 nobilissimo
906 2980 1025 3042 genere
1045 2961 1122 3038 orti,
1137 2963 1266 3044 equites
1284 2959 1357 3026 Ro-

256 3061 401 3126 muniet
422 3065 603 3137 senatores,
626 3064 660 3123 et
683 3058 727 3123 ad
752 3061 866 3125 omnia
889 3061 1089 3144 dignitatum
1104 3061 1216 3127 officia
1231 3063 1357 3129 meritis

258 3162 472 3248 exigentibus
487 3161 643 3246 promoti.

301 3267 399 3331 Prior
418 3265 550 3330 Plinius
572 3265 635 3330 luit
657 3266 842 3330 avunculus
860 3264 884 3330 J
887 3261 1023 3343 unioris,
1043 3269 1076 3329 et
1096 3265 1152 3329 illc
1176 3283 1221 3328 ex
1243 3284 1357 3331 sorore

256 3387 379 3450 nepos,
391 3374 428 3431 ut
443 3372 584 3431 testatur
598 3367 673 3450 ipse
683 3366 806 3431 Junior
817 3366 927 3451 Epist.
940 3383 999 3430 111.
1011 3367 1043 3430 5.
1055 3366 1098 3431 ad
1110 3365 1356 3443 Marcum,‘uhi

258 3471 300 3533 de
316 3469 421 3552 primo
437 3465 550 3533 Plinio
565 3467 614 3532 sic
630 3469 749 3532 refert:
776 3474 784 3500 ‘
799 3467 993 3550 Pergratum
1007 3473 1059 3532 est
1074 3467 1165 3543 mihi,
1180 3468 1274 3552 quod
1288 3473 1357 3533 tam

257 3571 435 3654 diligenter
459 3569 560 3634 libros
585 3569 739 3635 avunculi
765 3569 831 3633 mei
855 3569 1001 3648 lectitas,
1027 3576 1065 3634 ut
1087 3570 1212 3634 hahere
1238 3589 1356 3634 omnes

292 3790 304 3816 ⁸
320 3781 421 3832 Titulus
433 3780 509 3832 deest
520 3783 546 3831 in
558 3781 617 3833 cod.
628 3782 694 3834 Bod.
857 3782 869 3816 ‘¹
886 3784 930 3833 Itu
941 3783 967 3832 in
979 3783 1037 3833 eod.
1049 3783 1113 3833 Bod.
1132 3783 1179 3832 sed
1191 3783 1216 3831 iu
1229 3782 1286 3832 Lin.
1300 3781 1357 3830 Ma·

290 3857 377 3907 bVorr
388 3859 438 3907 ists
448 3857 571 3908 Secundus
581 3859 657 3909 deest
668 3860 693 3909 in
705 3859 774 3910 Bod.
818 3856 862 3918 jor
876 3858 973 3908 Plinius
996 3860 1155 3909 Veronsasns
1164 3859 1245 3918 fuisse
1255 3856 1358 3906 ostendit

194 3941 198 3952 “
290 3944 301 3969 ⁶
318 3935 349 3985 Ιιι
361 3935 420 3986 cod.
432 3935 584 3986 Bodetiter
593 3937 707 4000 legitur:
720 3938 791 3993 Qsod
824 3934 851 3982 is
859 3933 988 3998 principio.

258 4013 369 4063 videlieet
380 4027 513 4075 prenomen
519 4013 703 4064 Nouocomensis
710 4015 791 4077 polius
857 4019 868 4046 θ
889 4012 937 4062 Ubi
945 4011 1097 4060 introducens
1107 4008 1204 4070 legitur
1214 4010 1241 4058 in
1253 4009 1314 4060 Lin.

258 4105 327 4152 quum
336 4091 426 4150 gentile
435 4091 558 4140 insinuare
567 4090 670 4150 videtur,
678 4093 739 4154 quod
748 4107 790 4140 ao·
858 4084 868 4118 ¹
880 4087 992 4136 Macrum
1002 4086 1029 4134 in
1040 4085 1100 4135 cod.
1112 4085 1179 4135 Bod.
1193 4091 1221 4136 et
1237 4085 1275 4138 sie
1287 4097 1357 4136 mox.

258 4178 302 4212 uas
313 4165 432 4214 habitator
445 4165 574 4227 Comeusis,
584 4171 608 4215 et
616 4165 761 4230 waedpuej.
772 4167 790 4216 l.
824 4164 894 4215 Vide
904 4163 1048 4229 Epistolaru
1060 4162 1151 4227 ipsam.

260 4238 290 4292 h,
300 4255 324 4302 q.
337 4239 366 4288 d.
377 4241 401 4288 d.
410 4240 448 4289 tte
460 4240 556 4291 Plinius
566 4241 717 4292 dubitauerit.
