3022 4852
597 433 837 485 nrsrurnrro.
940 429 945 438 ’
1218 418 1264 490 35

158 593 281 642 arcuna
303 575 479 642 noscendo
490 575 599 642 temae
624 579 781 661 proponit
804 583 904 661 etque
927 578 1099 662 explicat?
1142 580 1261 666 Neque

157 678 273 742 forsan
296 677 473 760 poenitebit
495 678 691 759 cognovisse
713 679 805 742 haec:
830 678 1001 743 ‘Praemia
1016 682 1174 744 bonorum
1190 701 1258 746 rna·

157 781 334 862 lorumque
362 779 468 842 bonos
499 798 540 842 ec
570 780 677 843 malos
704 779 839 844 fuciunt.
893 779 1034 846 Nullum
1063 785 1116 846 cst
1141 801 1266 863 mugno-

157 883 312 964 principe
336 879 493 962 impendii
518 899 622 962 genus
649 879 791 961 dignius,
814 899 915 962 quarn
939 879 1030 964 quod
1053 891 1205 963 erogatur
1226 884 1260 945 in

130 1067 133 1072 Α
157 990 324 1066 posteros·
368 980 410 1044 In
430 981 579 1064 principe
596 999 715 1056 rurum,
731 999 772 1044 ac
788 1001 892 1064 prope
908 982 1079 1046 insolitum
1092 988 1154 1060 est,
1170 991 1208 1046 ut
1223 1003 1261 1046 se

156 1090 255 1167 putet
277 1084 470 1162 obligatum,
492 1089 562 1159 ant,
583 1083 611 1145 si
636 1089 739 1164 putet,
755 1081 866 1146 emet!
911 1082 952 1146 In
976 1084 1148 1148 sententiis
1171 1085 1264 1148 resti-

156 1182 287 1247 mundis
308 1183 415 1248 formu
437 1185 534 1247 etiarn
556 1173 701 1267 'spectari
726 1185 826 1262 solet,
848 1205 946 1266 qruam
970 1185 1131 1267 ingeniosi
1154 1185 1259 1266 scrip·

156 1292 246 1349 tores
272 1284 323 1348 ita
346 1284 518 1359 interdum,
541 1303 602 1367 per
626 1284 791 1350 antitheta
814 1285 981 1348 eut-elias
1003 1292 1101 1363 artes,
1125 1288 1261 1352 concin-

156 1390 248 1462 nant,
276 1393 314 1449 ut
335 1405 474 1449 acumen
496 1385 573 1448 inde
596 1385 731 1467 aliquod
758 1383 964 1452 efflorescat·
998 1385 1031 1449 A
1054 1405 1122 1468 quo
1145 1396 1258 1454 tamen

156 1486 273 1551 studio
287 1486 418 1550 alienus
437 1485 565 1550 Noster
577 1484 683 1550 fuisse
702 1485 851 1564 videtur3
876 1486 939 1549 nisi
956 1486 1040 1551 forte
1054 1486 1118 1550 huc
1134 1487 1260 1552 referes

156 1607 176 1650 e
191 1606 269 1671 cap.
286 1603 367 1650 nxn
381 1587 414 1650 4.
439 1585 509 1650 ‘Ut
522 1586 692 1654 felicitatis
707 1575 773 1663 es't,
789 1593 950 1668 quantum
967 1587 1062 1664 velis,
1072 1605 1193 1670 posse:
1208 1589 1259 1652 sic

154 1686 402 1770 magnitudinis,
415 1687 513 1766 velle,
526 1693 686 1769 quantum
698 1690 813 1770 possis
823 1686 845 1766 3’
860 1707 879 1752 e
893 1707 971 1771 cap.
983 1699 1119 1750 cxxiv.
1133 1691 1164 1751 1.
1176 1694 1186 1723 ‘
1199 1689 1261 1754 Est

156 1788 291 1852 demum
309 1807 388 1852 veru
407 1787 565 1865 felicitas,
581 1788 744 1852 felicitate
759 1788 895 1869 dignum
912 1787 1037 1865 'videri’
1053 1808 1082 1850 s.
1092 1787 1259 1873 judiceri3

154 1899 190 1956 et
205 1911 224 1954 e
240 1910 317 1972 cup.
336 1889 494 1954 xc111.3.
517 1893 528 1923 ‘
544 1889 600 1954 Ite
615 1908 785 1953 versemur
795 1892 830 1953 iu
846 1889 1028 1972 republica,
1037 1896 1073 1952 nt
1087 1889 1259 1955 credemus

156 2011 233 2064 esse
247 1989 512 2075 rempublicam!
556 1991 623 2055 Sed
638 1990 816 2068 interdum,
832 1990 921 2076 qnod
937 1989 1092 2073 superins
1100 1987 1173 2072 jem
1190 2009 1260 2054 rno-

153 2095 226 2168 nui,
243 2093 428 2156 sententies
443 2091 591 2156 extendit
603 2092 636 2154 in
648 2091 795 2175 speciem
814 2093 958 2156 locorum
976 2091 1209 2168 communium,
1221 2098 1260 2156 ut

155 2192 412 2276 caprinoue
429 2193 663 2274 lrnporetoree
680 2197 754 2255 tote
768 2193 907 2256 civitete
923 2192 1084 2273 eligendo,
1096 2211 1171 2276 cap.
1186 2208 1258 2255 xx.

154 2296 188 2359 ὅ.
205 2293 420 2375 dePrincipe
441 2293 607 2357 calculum
623 2299 767 2376 ponente
781 2311 856 2356 cum
872 2293 1023 2376 imperio,
1039 2311 1118 2375 cup.-
1132 2307 1258 2358 xnurr.

154 2397 187 2459 7.
203 2393 245 2456 de
268 2395 313 2470 vi,
328 2413 428 2476 quum
453 2393 579 2456 hebent
600 2393 761 2455 bonorum
787 2394 1020 2476 malorumque
1043 2394 1202 2477 praemic3
1225 2399 1259 2458 et

154 2515 232 2577 cup.
248 2511 327 2556 nrrr.
344 2493 387 2556 de
404 2493 437 2556 vi
449 2493 724 2574 comparationis.
756 2492 825 2556 Sed
836 2493 906 2576 jam
917 2494 1033 2557 fossus
1046 2495 1259 2568 sum,melius

153 2583 318 2660 sucturum
341 2594 445 2659 inisse
468 2587 630 2671 Plinium,
646 2595 675 2656 si
697 2595 899 2658 resecuisset
920 2597 1104 2658 sententies
1121 2595 1259 2658 nonnul-

154 2698 219 2774 lae,
235 2697 287 2760 vel
310 2683 478 2777 vulgares,
493 2695 548 2758 vel
571 2687 635 2758 non
661 2690 744 2758 sctis
768 2696 976 2777 perspicuus,
995 2695 1049 2756 vel
1071 2694 1188 2771 salsus,
1206 2694 1258 2758 vel

154 2797 299 2880 denique
311 2797 431 2880 quihus
442 2798 545 2860 salsus
556 2796 673 2859 laudes
685 2795 827 2880 adjuvit.
861 2795 947 2877 Cup.
964 2809 1094 2858 xxvii.
1109 2796 1141 2857 4.
1171 2795 1259 2858 ‘Cu-

150 2899 211 2983 jus
227 2906 289 2975 est,
301 2897 461 2982 quicquid
477 2905 529 2962 est
545 2897 706 2974 omnium,
721 2891 849 2962 'tantum
866 2898 951 2981 ipse,
962 2902 1120 2979 quantum
1132 2915 1257 2976 omues,

153 2999 281 3064 hebet!
325 2998 565 3062 Primum-hoc
589 2989 646 3081 per
662 2989 708 3062 ‘se
734 2998 938 3080 intelligitur,
961 3017 1069 3082 neque
1093 2999 1258 3081 peculiari

154 3100 323 3166 sententia
346 3100 463 3164 lectori
485 3100 739 3182 proponendum
761 3106 842 3164 eret.
886 3099 1018 3162 Deinde
1027 3099 1066 3162 in
1081 3118 1121 3162 eo
1136 3118 1259 3181 pecca-

153 3203 216 3280 vit,
231 3185 383 3265 adulator
403 3200 512 3264 dicem
537 3219 579 3264 un
603 3187 739 3263 olctorl
765 3199 855 3280 quod
877 3199 968 3261 illam
993 3199 1190 3262 sententium
1215 3199 1257 3262 ed

154 3301 327 3366 Gaesarem
349 3287 641 3388 transtulit‘qucsi
664 3299 736 3382 ejus
759 3299 826 3362 sint
844 3299 991 3361 omnium
1014 3299 1136 3362 civium
1157 3298 1257 3364 bone.

154 3387 320 3485 Copssvu.
331 3404 363 3466 5.
381 3391 633 3482 ‘Impereturus
646 3400 812 3476 omnibus,
821 3399 898 3480 eligi
914 3399 1013 3464 debet
1025 3418 1070 3462 cx
1081 3400 1257 3464 omnibus!

154 3503 237 3569 Hoc
262 3506 375 3584 potest
396 3501 563 3566 interdurn
576 3502 717 3580 'vulerc3
742 3491 982 3582 neque'temen
1005 3500 1127 3583 ubique
1141 3519 1265 3565 verum.

153 3612 223 3684 est3
246 3603 399 3686 alioquin
415 3604 516 3667 etium
532 3602 601 3666 dux
617 3603 795 3677 exercitus,
812 3603 980 3684 imperans
1000 3603 1156 3665 omnibus
1170 3602 1257 3665 mili·

154 3706 256 3778 tibus,
272 3721 315 3766 ex
330 3703 486 3766 omnibus
501 3701 578 3782 eligi
590 3701 737 3767 deberet.
771 3702 857 3784 Gap.
874 3717 932 3765 xi.
946 3702 979 3766 3.
1002 3700 1069 3765 ‘In
1087 3702 1256 3783 Principe,

154 3806 216 3888 qni
239 3804 349 3868 electo
371 3820 566 3867 successore
580 3801 661 3866 »feto
684 3803 862 3877 concessit,
885 3821 950 3865 une
976 3802 1162 3884 eademque
1186 3820 1257 3866 ccr-

155 3891 287 3969 tissime
311 3903 604 3967 divinitatisfides
627 3910 689 3978 est,
711 3904 815 3968 bonus
837 3902 1037 3968 'successon'
1081 3902 1170 3980 Quis
1192 3903 1256 3968 hoc

156 4004 295 4069 credett
327 4002 413 4087 Cap.
425 3993 575 4066 xcviii.
601 4003 663 4068 ‘In
677 4005 739 4080 his,
757 4023 833 4087 quee
848 4023 868 4066 a
882 4004 983 4068 malis
997 4006 1083 4067 bene»
1093 4003 1189 4080 fiunt,
1201 4005 1256 4070 hic

154 4106 321 4171 tenendus
343 4095 474 4182 widuc,
497 4114 534 4168 ut
557 4093 731 4188 appareat,
754 4112 925 4168 auctorem
948 4105 1170 4186 displicuisse,
1183 4125 1257 4177 ‘non

154 4205 302 4272 fuctum?
344 4199 414 4269 Ubi
436 4207 616 4275 contuleris
638 4199 877 4284 antecedentia,
891 4205 1088 4272 sententium
1110 4208 1256 4292 reperies
