<?xml version="1.0" encoding="UTF-8"?>
<!DOCTYPE html PUBLIC "-//W3C//DTD XHTML 1.0 Transitional//EN"
    "http://www.w3.org/TR/xhtml1/DTD/xhtml1-transitional.dtd">
<html xmlns="http://www.w3.org/1999/xhtml" xml:lang="en" lang="en">
 <head>
  <title>
</title>
<meta http-equiv="Content-Type" content="text/html;charset=utf-8" />
  <meta name='ocr-system' content='tesseract 3.04.00' />
  <meta name='ocr-capabilities' content='ocr_page ocr_carea ocr_par ocr_line ocrx_word'/>
</head>
<body>
  <div class='ocr_page' id='page_1' title='image "./panegyriciveter02baungoog_0112.png"; bbox 0 0 3100 4854; ppageno 0'>
   <div class='ocr_carea' id='block_1_1' title="bbox 481 383 1303 456">
    <p class='ocr_par' dir='ltr' id='par_1_1' title="bbox 481 383 1303 456">
     <span class='ocr_line' id='line_1_1' title="bbox 481 383 1303 456; baseline -0.004 -2"><span class='ocrx_word' id='word_1_1' title='bbox 481 407 515 454; x_wconf 82' lang='lat' dir='ltr'><strong>o.</strong></span> <span class='ocrx_word' id='word_1_2' title='bbox 535 401 660 456; x_wconf 81' lang='lat' dir='ltr'><strong>rurnrr</strong></span> <span class='ocrx_word' id='word_1_3' title='bbox 683 401 831 454; x_wconf 81' lang='lat' dir='ltr'><strong>onornrr</strong></span> <span class='ocrx_word' id='word_1_4' title='bbox 856 401 1034 454; x_wconf 83' lang='lat' dir='ltr'><strong>snounur.</strong></span> <span class='ocrx_word' id='word_1_5' title='bbox 1237 383 1303 452; x_wconf 78' lang='lat' dir='ltr'><strong>lou</strong></span> 
     </span>
    </p>
   </div>
   <div class='ocr_carea' id='block_1_2' title="bbox 198 543 1307 1424">
    <p class='ocr_par' dir='ltr' id='par_1_2' title="bbox 198 543 1307 1424">
     <span class='ocr_line' id='line_1_2' title="bbox 202 543 1300 638; baseline -0.005 -20"><span class='ocrx_word' id='word_1_6' title='bbox 202 552 552 638; x_wconf 82' lang='lat' dir='ltr'><strong>enusaproperantem</strong></span> <span class='ocrx_word' id='word_1_7' title='bbox 562 546 760 632; x_wconf 81' lang='lat' dir='ltr'><strong>Ep.x.l21.</strong></span> <span class='ocrx_word' id='word_1_8' title='bbox 789 547 951 612; x_wconf 80' lang='lat' dir='ltr'><strong>Fortasse</strong></span> <span class='ocrx_word' id='word_1_9' title='bbox 960 545 1026 610; x_wconf 93' lang='lat' dir='ltr'><strong>boo</strong></span> <span class='ocrx_word' id='word_1_10' title='bbox 1035 551 1188 629; x_wconf 87' lang='lat' dir='ltr'><strong>tempore</strong></span> <span class='ocrx_word' id='word_1_11' title='bbox 1201 543 1300 612; x_wconf 78' lang='lat' dir='ltr'><strong>aco-</strong></span> 
     </span>
     <span class='ocr_line' id='line_1_3' title="bbox 198 648 1303 736; baseline -0.002 -20"><span class='ocrx_word' id='word_1_12' title='bbox 198 657 300 722; x_wconf 77' lang='lat' dir='ltr'><strong>rollio</strong></span> <span class='ocrx_word' id='word_1_13' title='bbox 321 655 392 721; x_wconf 85' lang='lat' dir='ltr'><strong>viro</strong></span> <span class='ocrx_word' id='word_1_14' title='bbox 416 652 626 736; x_wconf 81' lang='lat' dir='ltr'><strong>gravissimo,</strong></span> <span class='ocrx_word' id='word_1_15' title='bbox 640 657 675 715; x_wconf 88' lang='lat' dir='ltr'><strong>ot</strong></span> <span class='ocrx_word' id='word_1_16' title='bbox 692 649 831 714; x_wconf 89' lang='lat' dir='ltr'><strong>summis</strong></span> <span class='ocrx_word' id='word_1_17' title='bbox 847 649 1094 732; x_wconf 84' lang='lat' dir='ltr'><strong>magistratibus</strong></span> <span class='ocrx_word' id='word_1_18' title='bbox 1116 648 1303 732; x_wconf 82' lang='lat' dir='ltr'><strong>perfuncto,</strong></span> 
     </span>
     <span class='ocr_line' id='line_1_4' title="bbox 198 749 1304 842; baseline -0.005 -22"><span class='ocrx_word' id='word_1_19' title='bbox 198 757 386 842; x_wconf 85' lang='lat' dir='ltr'><strong>plurimum</strong></span> <span class='ocrx_word' id='word_1_20' title='bbox 414 771 482 819; x_wconf 88' lang='lat' dir='ltr'><strong>uua</strong></span> <span class='ocrx_word' id='word_1_21' title='bbox 511 770 590 817; x_wconf 86' lang='lat' dir='ltr'><strong>oum</strong></span> <span class='ocrx_word' id='word_1_22' title='bbox 610 751 761 816; x_wconf 83' lang='lat' dir='ltr'><strong>Cornuto</strong></span> <span class='ocrx_word' id='word_1_23' title='bbox 785 751 936 815; x_wconf 81' lang='lat' dir='ltr'><strong>Tertullo</strong></span> <span class='ocrx_word' id='word_1_24' title='bbox 965 749 1122 815; x_wconf 86' lang='lat' dir='ltr'><strong>laudatur</strong></span> <span class='ocrx_word' id='word_1_25' title='bbox 1147 755 1182 815; x_wconf 91' lang='lat' dir='ltr'><strong>et</strong></span> <span class='ocrx_word' id='word_1_26' title='bbox 1211 752 1304 836; x_wconf 87' lang='lat' dir='ltr'><strong>apud</strong></span> 
     </span>
     <span class='ocr_line' id='line_1_5' title="bbox 204 852 1305 936; baseline -0.002 -14"><span class='ocrx_word' id='word_1_27' title='bbox 204 857 354 922; x_wconf 86' lang='lat' dir='ltr'><strong>Nervam</strong></span> <span class='ocrx_word' id='word_1_28' title='bbox 370 855 646 920; x_wconf 57' lang='lat' dir='ltr'><strong>commendatur„</strong></span> <span class='ocrx_word' id='word_1_29' title='bbox 670 852 791 936; x_wconf 86' lang='lat' dir='ltr'><strong>Itaque</strong></span> <span class='ocrx_word' id='word_1_30' title='bbox 811 853 878 918; x_wconf 88' lang='lat' dir='ltr'><strong>hoo</strong></span> <span class='ocrx_word' id='word_1_31' title='bbox 899 853 976 935; x_wconf 88' lang='lat' dir='ltr'><strong>ipso</strong></span> <span class='ocrx_word' id='word_1_32' title='bbox 998 869 1086 916; x_wconf 86' lang='lat' dir='ltr'><strong>auno</strong></span> <span class='ocrx_word' id='word_1_33' title='bbox 1106 871 1219 918; x_wconf 89' lang='lat' dir='ltr'><strong>meuse</strong></span> <span class='ocrx_word' id='word_1_34' title='bbox 1241 855 1305 920; x_wconf 89' lang='lat' dir='ltr'><strong>oir-</strong></span> 
     </span>
     <span class='ocr_line' id='line_1_6' title="bbox 205 945 1306 1038; baseline -0.004 -15"><span class='ocrx_word' id='word_1_35' title='bbox 205 960 288 1024; x_wconf 86' lang='lat' dir='ltr'><strong>citer</strong></span> <span class='ocrx_word' id='word_1_36' title='bbox 300 957 490 1035; x_wconf 86' lang='lat' dir='ltr'><strong>Decembri,</strong></span> <span class='ocrx_word' id='word_1_37' title='bbox 513 975 591 1021; x_wconf 89' lang='lat' dir='ltr'><strong>oum</strong></span> <span class='ocrx_word' id='word_1_38' title='bbox 602 973 794 1038; x_wconf 88' lang='lat' dir='ltr'><strong>magnarum</strong></span> <span class='ocrx_word' id='word_1_39' title='bbox 805 955 841 1018; x_wconf 89' lang='lat' dir='ltr'><strong>in</strong></span> <span class='ocrx_word' id='word_1_40' title='bbox 854 954 927 1020; x_wconf 81' lang='lat' dir='ltr'><strong>soro</strong></span> <span class='ocrx_word' id='word_1_41' title='bbox 938 972 1044 1018; x_wconf 87' lang='lat' dir='ltr'><strong>rerum</strong></span> <span class='ocrx_word' id='word_1_42' title='bbox 1056 959 1219 1037; x_wconf 82' lang='lat' dir='ltr'><strong>gestarum</strong></span> <span class='ocrx_word' id='word_1_43' title='bbox 1232 945 1306 1036; x_wconf 90' lang='lat' dir='ltr'><strong>glo·</strong></span> 
     </span>
     <span class='ocr_line' id='line_1_7' title="bbox 204 1053 1306 1140; baseline -0.003 -18"><span class='ocrx_word' id='word_1_44' title='bbox 204 1058 257 1122; x_wconf 89' lang='lat' dir='ltr'><strong>ria</strong></span> <span class='ocrx_word' id='word_1_45' title='bbox 275 1057 365 1140; x_wconf 90' lang='lat' dir='ltr'><strong>apud</strong></span> <span class='ocrx_word' id='word_1_46' title='bbox 386 1057 492 1122; x_wconf 91' lang='lat' dir='ltr'><strong>bonos</strong></span> <span class='ocrx_word' id='word_1_47' title='bbox 521 1075 637 1119; x_wconf 90' lang='lat' dir='ltr'><strong>omnes</strong></span> <span class='ocrx_word' id='word_1_48' title='bbox 662 1056 804 1132; x_wconf 89' lang='lat' dir='ltr'><strong>floreret,</strong></span> <span class='ocrx_word' id='word_1_49' title='bbox 829 1053 958 1132; x_wconf 87' lang='lat' dir='ltr'><strong>Nerva,</strong></span> <span class='ocrx_word' id='word_1_50' title='bbox 981 1073 1048 1119; x_wconf 93' lang='lat' dir='ltr'><strong>non</strong></span> <span class='ocrx_word' id='word_1_51' title='bbox 1076 1058 1146 1119; x_wconf 90' lang='lat' dir='ltr'><strong>tam</strong></span> <span class='ocrx_word' id='word_1_52' title='bbox 1169 1053 1306 1120; x_wconf 82' lang='lat' dir='ltr'><strong>Gorellii</strong></span> 
     </span>
     <span class='ocr_line' id='line_1_8' title="bbox 205 1155 1307 1240; baseline -0.002 -18"><span class='ocrx_word' id='word_1_53' title='bbox 205 1157 497 1222; x_wconf 73' lang='lat' dir='ltr'><strong>commendatione</strong></span> <span class='ocrx_word' id='word_1_54' title='bbox 518 1157 686 1232; x_wconf 84' lang='lat' dir='ltr'><strong>inductus,</strong></span> <span class='ocrx_word' id='word_1_55' title='bbox 709 1177 808 1240; x_wconf 89' lang='lat' dir='ltr'><strong>quam</strong></span> <span class='ocrx_word' id='word_1_56' title='bbox 828 1156 976 1221; x_wconf 72' lang='lat' dir='ltr'><strong>laudatae</strong></span> <span class='ocrx_word' id='word_1_57' title='bbox 1006 1156 1087 1220; x_wconf 91' lang='lat' dir='ltr'><strong>olim</strong></span> <span class='ocrx_word' id='word_1_58' title='bbox 1107 1175 1129 1220; x_wconf 85' lang='lat' dir='ltr'><strong>a</strong></span> <span class='ocrx_word' id='word_1_59' title='bbox 1148 1175 1185 1222; x_wconf 87' lang='lat' dir='ltr'><strong>se</strong></span> <span class='ocrx_word' id='word_1_60' title='bbox 1203 1155 1307 1221; x_wconf 83' lang='lat' dir='ltr'><strong>Plinii</strong></span> 
     </span>
     <span class='ocr_line' id='line_1_9' title="bbox 206 1258 1307 1341; baseline 0 -19"><span class='ocrx_word' id='word_1_61' title='bbox 206 1259 410 1340; x_wconf 79' lang='lat' dir='ltr'><strong>integritatis</strong></span> <span class='ocrx_word' id='word_1_62' title='bbox 425 1263 462 1322; x_wconf 90' lang='lat' dir='ltr'><strong>et</strong></span> <span class='ocrx_word' id='word_1_63' title='bbox 472 1259 666 1325; x_wconf 85' lang='lat' dir='ltr'><strong>constantiae</strong></span> <span class='ocrx_word' id='word_1_64' title='bbox 682 1278 821 1336; x_wconf 88' lang='lat' dir='ltr'><strong>memor,</strong></span> <span class='ocrx_word' id='word_1_65' title='bbox 844 1269 922 1322; x_wconf 84' lang='lat' dir='ltr'><strong>enm</strong></span> <span class='ocrx_word' id='word_1_66' title='bbox 938 1258 1057 1323; x_wconf 82' lang='lat' dir='ltr'><strong>aerario</strong></span> <span class='ocrx_word' id='word_1_67' title='bbox 1078 1258 1223 1341; x_wconf 82' lang='lat' dir='ltr'><strong>proefioit</strong></span> <span class='ocrx_word' id='word_1_68' title='bbox 1238 1276 1307 1322; x_wconf 84' lang='lat' dir='ltr'><strong>uua</strong></span> 
     </span>
     <span class='ocr_line' id='line_1_10' title="bbox 204 1359 460 1424; baseline -0.012 0"><span class='ocrx_word' id='word_1_69' title='bbox 204 1379 285 1424; x_wconf 88' lang='lat' dir='ltr'><strong>oum</strong></span> <span class='ocrx_word' id='word_1_70' title='bbox 298 1359 460 1424; x_wconf 84' lang='lat' dir='ltr'><strong>Tertullo.</strong></span> 
     </span>
    </p>
   </div>
   <div class='ocr_carea' id='block_1_3' title="bbox 207 1525 1308 1628">
    <p class='ocr_par' dir='ltr' id='par_1_3' title="bbox 207 1525 1308 1628">
     <span class='ocr_line' id='line_1_11' title="bbox 207 1525 1308 1628; baseline -0.005 -16"><span class='ocrx_word' id='word_1_71' title='bbox 207 1541 274 1612; x_wconf 80' lang='lat' dir='ltr'><strong>An.</strong></span> <span class='ocrx_word' id='word_1_72' title='bbox 290 1543 335 1608; x_wconf 89' lang='lat' dir='ltr'><strong>U.</strong></span> <span class='ocrx_word' id='word_1_73' title='bbox 351 1542 393 1610; x_wconf 85' lang='lat' dir='ltr'><strong>C.</strong></span> <span class='ocrx_word' id='word_1_74' title='bbox 409 1561 592 1610; x_wconf 83' lang='lat' dir='ltr'><strong>unocurrr.</strong></span> <span class='ocrx_word' id='word_1_75' title='bbox 620 1543 700 1609; x_wconf 80' lang='lat' dir='ltr'><strong>Chr.</strong></span> <span class='ocrx_word' id='word_1_76' title='bbox 716 1560 749 1607; x_wconf 88' lang='lat' dir='ltr'><strong>o.</strong></span> <span class='ocrx_word' id='word_1_77' title='bbox 769 1544 910 1628; x_wconf 84' lang='lat' dir='ltr'><strong>Trajani</strong></span> <span class='ocrx_word' id='word_1_78' title='bbox 924 1525 994 1610; x_wconf 52' lang='lat'><strong>111(</strong></span> <span class='ocrx_word' id='word_1_79' title='bbox 1005 1545 1114 1610; x_wconf 85' lang='lat' dir='ltr'><strong>AEtat.</strong></span> <span class='ocrx_word' id='word_1_80' title='bbox 1130 1559 1308 1609; x_wconf 85' lang='lat' dir='ltr'><strong>xxxvrrr.</strong></span> 
     </span>
    </p>
   </div>
   <div class='ocr_carea' id='block_1_4' title="bbox 204 1677 1393 4296">
    <p class='ocr_par' dir='ltr' id='par_1_4' title="bbox 204 1677 1309 1966">
     <span class='ocr_line' id='line_1_12' title="bbox 204 1677 1309 1745; baseline 0.001 -1"><span class='ocrx_word' id='word_1_81' title='bbox 204 1707 212 1716; x_wconf 97' lang='lat'>·</span> <span class='ocrx_word' id='word_1_82' title='bbox 251 1677 432 1744; x_wconf 85' lang='lat' dir='ltr'><strong>‘Nondum</strong></span> <span class='ocrx_word' id='word_1_83' title='bbox 446 1678 577 1744; x_wconf 85' lang='lat' dir='ltr'><strong>Plinius</strong></span> <span class='ocrx_word' id='word_1_84' title='bbox 603 1685 639 1744; x_wconf 88' lang='lat' dir='ltr'><strong>et</strong></span> <span class='ocrx_word' id='word_1_85' title='bbox 652 1679 824 1743; x_wconf 89' lang='lat' dir='ltr'><strong>Tertullus</strong></span> <span class='ocrx_word' id='word_1_86' title='bbox 849 1678 1023 1744; x_wconf 78' lang='lat' dir='ltr'><strong>biennium</strong></span> <span class='ocrx_word' id='word_1_87' title='bbox 1052 1679 1087 1745; x_wconf 92' lang='lat' dir='ltr'><strong>in</strong></span> <span class='ocrx_word' id='word_1_88' title='bbox 1108 1679 1173 1745; x_wconf 89' lang='lat' dir='ltr'><strong>hoo</strong></span> <span class='ocrx_word' id='word_1_89' title='bbox 1199 1679 1309 1745; x_wconf 87' lang='lat' dir='ltr'><strong>officio</strong></span> 
     </span>
     <span class='ocr_line' id='line_1_13' title="bbox 209 1779 1309 1865; baseline 0 -19"><span class='ocrx_word' id='word_1_90' title='bbox 209 1779 481 1864; x_wconf 73' lang='lat' dir='ltr'><strong>compleverant:</strong></span> <span class='ocrx_word' id='word_1_91' title='bbox 500 1781 627 1862; x_wconf 84' lang='lat' dir='ltr'><strong>Poueg.</strong></span> <span class='ocrx_word' id='word_1_92' title='bbox 643 1798 727 1864; x_wconf 83' lang='lat' dir='ltr'><strong>eap.</strong></span> <span class='ocrx_word' id='word_1_93' title='bbox 743 1789 824 1844; x_wconf 82' lang='lat' dir='ltr'><strong>xor.</strong></span> <span class='ocrx_word' id='word_1_94' title='bbox 846 1799 923 1844; x_wconf 88' lang='lat' dir='ltr'><strong>eum</strong></span> <span class='ocrx_word' id='word_1_95' title='bbox 944 1788 1083 1865; x_wconf 90' lang='lat' dir='ltr'><strong>uterque</strong></span> <span class='ocrx_word' id='word_1_96' title='bbox 1095 1781 1139 1845; x_wconf 89' lang='lat' dir='ltr'><strong>ad</strong></span> <span class='ocrx_word' id='word_1_97' title='bbox 1154 1781 1309 1846; x_wconf 86' lang='lat' dir='ltr'><strong>cousula-</strong></span> 
     </span>
     <span class='ocr_line' id='line_1_14' title="bbox 209 1880 1195 1966; baseline -0.001 -20"><span class='ocrx_word' id='word_1_98' title='bbox 209 1889 293 1959; x_wconf 87' lang='lat' dir='ltr'><strong>tum,</strong></span> <span class='ocrx_word' id='word_1_99' title='bbox 309 1900 377 1946; x_wconf 90' lang='lat' dir='ltr'><strong>uon</strong></span> <span class='ocrx_word' id='word_1_100' title='bbox 392 1881 527 1965; x_wconf 85' lang='lat' dir='ltr'><strong>quidem</strong></span> <span class='ocrx_word' id='word_1_101' title='bbox 541 1882 795 1960; x_wconf 65' lang='lat' dir='ltr'><strong>ordinarium</strong></span> <span class='ocrx_word' id='word_1_102' title='bbox 808 1880 956 1965; x_wconf 80' lang='lat' dir='ltr'><strong>Trojano</strong></span> <span class='ocrx_word' id='word_1_103' title='bbox 971 1890 1195 1966; x_wconf 86' lang='lat' dir='ltr'><strong>promovetur.</strong></span> 
     </span>
    </p>

    <p class='ocr_par' dir='ltr' id='par_1_5' title="bbox 206 1981 1393 4095">
     <span class='ocr_line' id='line_1_15' title="bbox 254 1981 1309 2067; baseline -0.001 -20"><span class='ocrx_word' id='word_1_104' title='bbox 254 1981 383 2047; x_wconf 86' lang='lat' dir='ltr'><strong>Consul</strong></span> <span class='ocrx_word' id='word_1_105' title='bbox 398 1982 586 2047; x_wconf 88' lang='lat' dir='ltr'><strong>ordinarius</strong></span> <span class='ocrx_word' id='word_1_106' title='bbox 602 1983 720 2047; x_wconf 88' lang='lat' dir='ltr'><strong>eratis</strong></span> <span class='ocrx_word' id='word_1_107' title='bbox 736 2002 781 2047; x_wconf 87' lang='lat' dir='ltr'><strong>ex</strong></span> <span class='ocrx_word' id='word_1_108' title='bbox 803 1981 903 2064; x_wconf 87' lang='lat' dir='ltr'><strong>eujus</strong></span> <span class='ocrx_word' id='word_1_109' title='bbox 927 1984 1060 2048; x_wconf 90' lang='lat' dir='ltr'><strong>nomine</strong></span> <span class='ocrx_word' id='word_1_110' title='bbox 1081 1983 1162 2048; x_wconf 88' lang='lat' dir='ltr'><strong>anni</strong></span> <span class='ocrx_word' id='word_1_111' title='bbox 1182 2002 1309 2067; x_wconf 89' lang='lat' dir='ltr'><strong>suppu-</strong></span> 
     </span>
     <span class='ocr_line' id='line_1_16' title="bbox 208 2079 1310 2167; baseline 0 -19"><span class='ocrx_word' id='word_1_112' title='bbox 208 2079 296 2148; x_wconf 84' lang='lat' dir='ltr'><strong>¹tatio</strong></span> <span class='ocrx_word' id='word_1_113' title='bbox 311 2083 534 2162; x_wconf 82' lang='lat' dir='ltr'><strong>ordinaretur,</strong></span> <span class='ocrx_word' id='word_1_114' title='bbox 550 2084 582 2148; x_wconf 89' lang='lat' dir='ltr'><strong>id</strong></span> <span class='ocrx_word' id='word_1_115' title='bbox 599 2092 665 2160; x_wconf 89' lang='lat' dir='ltr'><strong>est,</strong></span> <span class='ocrx_word' id='word_1_116' title='bbox 682 2082 780 2167; x_wconf 87' lang='lat' dir='ltr'><strong>enjus</strong></span> <span class='ocrx_word' id='word_1_117' title='bbox 793 2102 912 2148; x_wconf 90' lang='lat' dir='ltr'><strong>nomen</strong></span> <span class='ocrx_word' id='word_1_118' title='bbox 926 2085 960 2149; x_wconf 93' lang='lat' dir='ltr'><strong>in</strong></span> <span class='ocrx_word' id='word_1_119' title='bbox 975 2085 1092 2160; x_wconf 87' lang='lat' dir='ltr'><strong>literis,</strong></span> <span class='ocrx_word' id='word_1_120' title='bbox 1115 2085 1310 2149; x_wconf 88' lang='lat' dir='ltr'><strong>instrumen-</strong></span> 
     </span>
     <span class='ocr_line' id='line_1_17' title="bbox 212 2183 1314 2268; baseline 0.002 -20"><span class='ocrx_word' id='word_1_121' title='bbox 212 2184 270 2262; x_wconf 87' lang='lat' dir='ltr'><strong>tis‚</strong></span> <span class='ocrx_word' id='word_1_122' title='bbox 299 2189 332 2249; x_wconf 87' lang='lat' dir='ltr'><strong>et</strong></span> <span class='ocrx_word' id='word_1_123' title='bbox 360 2184 459 2249; x_wconf 80' lang='lat' dir='ltr'><strong>fastis</strong></span> <span class='ocrx_word' id='word_1_124' title='bbox 482 2187 703 2264; x_wconf 84' lang='lat' dir='ltr'><strong>scriberetur3</strong></span> <span class='ocrx_word' id='word_1_125' title='bbox 726 2184 852 2268; x_wconf 90' lang='lat' dir='ltr'><strong>quique</strong></span> <span class='ocrx_word' id='word_1_126' title='bbox 878 2184 1027 2251; x_wconf 80' lang='lat' dir='ltr'><strong>Kalend.</strong></span> <span class='ocrx_word' id='word_1_127' title='bbox 1053 2183 1134 2251; x_wconf 84' lang='lat' dir='ltr'><strong>Jau·</strong></span> <span class='ocrx_word' id='word_1_128' title='bbox 1152 2185 1314 2250; x_wconf 86' lang='lat' dir='ltr'><strong>bonorem</strong></span> 
     </span>
     <span class='ocr_line' id='line_1_18' title="bbox 211 2285 1311 2371; baseline 0.002 -22"><span class='ocrx_word' id='word_1_129' title='bbox 211 2285 322 2350; x_wconf 89' lang='lat' dir='ltr'><strong>iniret.</strong></span> <span class='ocrx_word' id='word_1_130' title='bbox 352 2286 422 2350; x_wconf 91' lang='lat' dir='ltr'><strong>His</strong></span> <span class='ocrx_word' id='word_1_131' title='bbox 437 2286 498 2368; x_wconf 93' lang='lat' dir='ltr'><strong>qui</strong></span> <span class='ocrx_word' id='word_1_132' title='bbox 508 2286 644 2351; x_wconf 91' lang='lat' dir='ltr'><strong>honoris</strong></span> <span class='ocrx_word' id='word_1_133' title='bbox 659 2304 766 2351; x_wconf 82' lang='lat' dir='ltr'><strong>eausa</strong></span> <span class='ocrx_word' id='word_1_134' title='bbox 782 2285 825 2350; x_wconf 87' lang='lat' dir='ltr'><strong>ad</strong></span> <span class='ocrx_word' id='word_1_135' title='bbox 840 2285 969 2371; x_wconf 91' lang='lat' dir='ltr'><strong>aliquot</strong></span> <span class='ocrx_word' id='word_1_136' title='bbox 983 2292 1199 2365; x_wconf 84' lang='lat' dir='ltr'><strong>meuses,aut</strong></span> <span class='ocrx_word' id='word_1_137' title='bbox 1209 2287 1311 2351; x_wconf 85' lang='lat' dir='ltr'><strong>etiam</strong></span> 
     </span>
     <span class='ocr_line' id='line_1_19' title="bbox 206 2383 1312 2465; baseline -0.001 -15"><span class='ocrx_word' id='word_1_138' title='bbox 206 2383 287 2450; x_wconf 77' lang='lat' dir='ltr'><strong>&#39;dies</strong></span> <span class='ocrx_word' id='word_1_139' title='bbox 309 2385 569 2465; x_wconf 74' lang='lat' dir='ltr'><strong>subiciebantur,</strong></span> <span class='ocrx_word' id='word_1_140' title='bbox 589 2385 782 2453; x_wconf 84' lang='lat' dir='ltr'><strong>dicebantur</strong></span> <span class='ocrx_word' id='word_1_141' title='bbox 800 2385 1006 2452; x_wconf 81' lang='lat' dir='ltr'><strong>‘honorarii&#39;</strong></span> <span class='ocrx_word' id='word_1_142' title='bbox 1050 2387 1227 2453; x_wconf 79' lang='lat' dir='ltr'><strong>Turnebus</strong></span> <span class='ocrx_word' id='word_1_143' title='bbox 1241 2386 1312 2453; x_wconf 77' lang='lat' dir='ltr'><strong>Arl-</strong></span> 
     </span>
     <span class='ocr_line' id='line_1_20' title="bbox 212 2487 1393 2572; baseline 0 -20"><span class='ocrx_word' id='word_1_144' title='bbox 212 2506 300 2553; x_wconf 84' lang='lat' dir='ltr'><strong>vers.</strong></span> <span class='ocrx_word' id='word_1_145' title='bbox 315 2487 416 2552; x_wconf 90' lang='lat' dir='ltr'>v.10.</span> <span class='ocrx_word' id='word_1_146' title='bbox 431 2488 465 2552; x_wconf 90' lang='lat' dir='ltr'><strong>iu</strong></span> <span class='ocrx_word' id='word_1_147' title='bbox 481 2487 635 2554; x_wconf 87' lang='lat' dir='ltr'><strong>Suetonii</strong></span> <span class='ocrx_word' id='word_1_148' title='bbox 645 2489 756 2554; x_wconf 89' lang='lat' dir='ltr'><strong>locum</strong></span> <span class='ocrx_word' id='word_1_149' title='bbox 772 2489 813 2552; x_wconf 87' lang='lat' dir='ltr'><strong>de</strong></span> <span class='ocrx_word' id='word_1_150' title='bbox 829 2489 1020 2554; x_wconf 87' lang='lat' dir='ltr'><strong>Domitieno</strong></span> <span class='ocrx_word' id='word_1_151' title='bbox 1035 2497 1112 2572; x_wconf 88' lang='lat' dir='ltr'><strong>cap.</strong></span> <span class='ocrx_word' id='word_1_152' title='bbox 1123 2489 1157 2554; x_wconf 79' lang='lat'><strong>2.</strong></span> <span class='ocrx_word' id='word_1_153' title='bbox 1176 2487 1237 2552; x_wconf 86' lang='lat' dir='ltr'><strong>‘in</strong></span> <span class='ocrx_word' id='word_1_154' title='bbox 1252 2503 1314 2552; x_wconf 87' lang='lat' dir='ltr'><strong>sex</strong></span> <span class='ocrx_word' id='word_1_155' title='bbox 1385 2517 1393 2528; x_wconf 87' lang='lat'><strong>·</strong></span> 
     </span>
     <span class='ocr_line' id='line_1_21' title="bbox 213 2587 1312 2671; baseline 0 -18"><span class='ocrx_word' id='word_1_156' title='bbox 213 2589 454 2667; x_wconf 83' lang='lat' dir='ltr'><strong>consulatibus,</strong></span> <span class='ocrx_word' id='word_1_157' title='bbox 472 2590 605 2654; x_wconf 87' lang='lat' dir='ltr'><strong>nonnisi</strong></span> <span class='ocrx_word' id='word_1_158' title='bbox 626 2608 728 2653; x_wconf 91' lang='lat' dir='ltr'><strong>unum</strong></span> <span class='ocrx_word' id='word_1_159' title='bbox 752 2589 953 2655; x_wconf 85' lang='lat' dir='ltr'><strong>ordinarium</strong></span> <span class='ocrx_word' id='word_1_160' title='bbox 978 2587 1100 2671; x_wconf 72' lang='lat' dir='ltr'><strong>gessit!</strong></span> <span class='ocrx_word' id='word_1_161' title='bbox 1144 2589 1215 2654; x_wconf 90' lang='lat' dir='ltr'><strong>Dio</strong></span> <span class='ocrx_word' id='word_1_162' title='bbox 1231 2607 1312 2653; x_wconf 86' lang='lat' dir='ltr'><strong>vero</strong></span> 
     </span>
     <span class='ocr_line' id='line_1_22' title="bbox 212 2685 1314 2773; baseline -0.003 -18"><span class='ocrx_word' id='word_1_163' title='bbox 212 2691 271 2755; x_wconf 85' lang='lat' dir='ltr'><strong>lib.</strong></span> <span class='ocrx_word' id='word_1_164' title='bbox 285 2706 404 2755; x_wconf 83' lang='lat' dir='ltr'><strong>xurrr·</strong></span> <span class='ocrx_word' id='word_1_165' title='bbox 428 2690 675 2756; x_wconf 86' lang='lat' dir='ltr'><strong>‘honorarius&#39;</strong></span> <span class='ocrx_word' id='word_1_166' title='bbox 697 2692 861 2768; x_wconf 86' lang='lat' dir='ltr'><strong>eonsules,</strong></span> <span class='ocrx_word' id='word_1_167' title='bbox 882 2691 992 2773; x_wconf 87' lang='lat' dir='ltr'><strong>quiet</strong></span> <span class='ocrx_word' id='word_1_168' title='bbox 1018 2685 1203 2753; x_wconf 86' lang='lat' dir='ltr'><strong>‘minores&#39;</strong></span> <span class='ocrx_word' id='word_1_169' title='bbox 1234 2707 1314 2754; x_wconf 89' lang='lat' dir='ltr'><strong>oon-</strong></span> 
     </span>
     <span class='ocr_line' id='line_1_23' title="bbox 214 2777 1380 2874; baseline -0.001 -19"><span class='ocrx_word' id='word_1_170' title='bbox 214 2791 317 2874; x_wconf 88' lang='lat' dir='ltr'><strong>sules,</strong></span> <span class='ocrx_word' id='word_1_171' title='bbox 346 2791 556 2867; x_wconf 86' lang='lat' dir='ltr'><strong>dicebantur,</strong></span> <span class='ocrx_word' id='word_1_172' title='bbox 582 2808 604 2854; x_wconf 89' lang='lat' dir='ltr'><strong>a</strong></span> <span class='ocrx_word' id='word_1_173' title='bbox 626 2790 763 2856; x_wconf 78' lang='lat' dir='ltr'><strong>Gaesare</strong></span> <span class='ocrx_word' id='word_1_174' title='bbox 779 2792 921 2874; x_wconf 85' lang='lat' dir='ltr'><strong>primum</strong></span> <span class='ocrx_word' id='word_1_175' title='bbox 942 2791 990 2855; x_wconf 91' lang='lat' dir='ltr'><strong>ait</strong></span> <span class='ocrx_word' id='word_1_176' title='bbox 1007 2791 1178 2856; x_wconf 87' lang='lat' dir='ltr'><strong>institutos</strong></span> <span class='ocrx_word' id='word_1_177' title='bbox 1198 2809 1253 2856; x_wconf 90' lang='lat' dir='ltr'><strong>au.</strong></span> <span class='ocrx_word' id='word_1_178' title='bbox 1269 2783 1315 2854; x_wconf 83' lang='lat' dir='ltr'><strong>U.</strong></span> <span class='ocrx_word' id='word_1_179' title='bbox 1338 2796 1341 2804; x_wconf 83' lang='grc'>’</span> <span class='ocrx_word' id='word_1_180' title='bbox 1377 2777 1380 2784; x_wconf 75' lang='grc'><strong><em>’</em></strong></span> 
     </span>
     <span class='ocr_line' id='line_1_24' title="bbox 215 2887 1315 2975; baseline 0.001 -20"><span class='ocrx_word' id='word_1_181' title='bbox 215 2887 255 2956; x_wconf 81' lang='lat' dir='ltr'><strong>G.</strong></span> <span class='ocrx_word' id='word_1_182' title='bbox 273 2888 351 2955; x_wconf 80' lang='lat'><strong>⁷08.</strong></span> <span class='ocrx_word' id='word_1_183' title='bbox 381 2890 524 2975; x_wconf 75' lang='lat' dir='ltr'><strong>ltaque</strong></span> <span class='ocrx_word' id='word_1_184' title='bbox 540 2889 672 2954; x_wconf 91' lang='lat' dir='ltr'><strong>Plinius</strong></span> <span class='ocrx_word' id='word_1_185' title='bbox 694 2909 771 2954; x_wconf 91' lang='lat' dir='ltr'><strong>oum</strong></span> <span class='ocrx_word' id='word_1_186' title='bbox 794 2890 945 2956; x_wconf 78' lang='lat' dir='ltr'><strong>Tertullo</strong></span> <span class='ocrx_word' id='word_1_187' title='bbox 970 2891 1168 2957; x_wconf 89' lang='lat' dir='ltr'><strong>honorarius</strong></span> <span class='ocrx_word' id='word_1_188' title='bbox 1196 2893 1315 2956; x_wconf 87' lang='lat' dir='ltr'><strong>oonsnl</strong></span> 
     </span>
     <span class='ocr_line' id='line_1_25' title="bbox 212 2990 1315 3078; baseline 0 -22"><span class='ocrx_word' id='word_1_189' title='bbox 212 2990 376 3056; x_wconf 79' lang='lat' dir='ltr'><strong>suffectus</strong></span> <span class='ocrx_word' id='word_1_190' title='bbox 406 2998 461 3056; x_wconf 87' lang='lat' dir='ltr'><strong>est</strong></span> <span class='ocrx_word' id='word_1_191' title='bbox 490 2993 526 3056; x_wconf 93' lang='lat' dir='ltr'><strong>in</strong></span> <span class='ocrx_word' id='word_1_192' title='bbox 563 3011 707 3057; x_wconf 85' lang='lat' dir='ltr'><strong>mensem</strong></span> <span class='ocrx_word' id='word_1_193' title='bbox 745 2992 985 3076; x_wconf 87' lang='lat' dir='ltr'><strong>Septembrem.</strong></span> <span class='ocrx_word' id='word_1_194' title='bbox 1033 2993 1075 3058; x_wconf 92' lang='lat' dir='ltr'><strong>In</strong></span> <span class='ocrx_word' id='word_1_195' title='bbox 1103 2992 1315 3078; x_wconf 77' lang='lat' dir='ltr'><strong>Panegyrico</strong></span> 
     </span>
     <span class='ocr_line' id='line_1_26' title="bbox 215 3092 1316 3177; baseline 0.002 -21"><span class='ocrx_word' id='word_1_196' title='bbox 215 3092 304 3156; x_wconf 84' lang='lat' dir='ltr'><strong>euim</strong></span> <span class='ocrx_word' id='word_1_197' title='bbox 333 3094 456 3176; x_wconf 83' lang='lat' dir='ltr'><strong>gratias</strong></span> <span class='ocrx_word' id='word_1_198' title='bbox 492 3093 563 3174; x_wconf 89' lang='lat' dir='ltr'><strong>agit</strong></span> <span class='ocrx_word' id='word_1_199' title='bbox 587 3093 750 3177; x_wconf 84' lang='lat' dir='ltr'><strong>Trajauo‚</strong></span> <span class='ocrx_word' id='word_1_200' title='bbox 781 3096 872 3177; x_wconf 87' lang='lat' dir='ltr'><strong>quod</strong></span> <span class='ocrx_word' id='word_1_201' title='bbox 903 3095 1093 3160; x_wconf 84' lang='lat' dir='ltr'><strong>consulatui</strong></span> <span class='ocrx_word' id='word_1_202' title='bbox 1129 3115 1192 3158; x_wconf 88' lang='lat' dir='ltr'><strong>suo</strong></span> <span class='ocrx_word' id='word_1_203' title='bbox 1223 3094 1316 3158; x_wconf 85' lang='lat' dir='ltr'><strong>attri-</strong></span> 
     </span>
     <span class='ocr_line' id='line_1_27' title="bbox 214 3192 1314 3278; baseline 0 -22"><span class='ocrx_word' id='word_1_204' title='bbox 214 3193 351 3259; x_wconf 86' lang='lat' dir='ltr'><strong>buisset·</strong></span> <span class='ocrx_word' id='word_1_205' title='bbox 364 3213 440 3258; x_wconf 88' lang='lat' dir='ltr'><strong>eum</strong></span> <span class='ocrx_word' id='word_1_206' title='bbox 459 3211 620 3269; x_wconf 88' lang='lat' dir='ltr'><strong>mensem,</strong></span> <span class='ocrx_word' id='word_1_207' title='bbox 640 3213 739 3277; x_wconf 90' lang='lat' dir='ltr'><strong>quem</strong></span> <span class='ocrx_word' id='word_1_208' title='bbox 761 3195 886 3259; x_wconf 86' lang='lat' dir='ltr'><strong>natalis</strong></span> <span class='ocrx_word' id='word_1_209' title='bbox 901 3195 1009 3278; x_wconf 88' lang='lat' dir='ltr'><strong>ipsius</strong></span> <span class='ocrx_word' id='word_1_210' title='bbox 1031 3193 1253 3275; x_wconf 85' lang='lat' dir='ltr'><strong>imperatoris,</strong></span> <span class='ocrx_word' id='word_1_211' title='bbox 1279 3192 1314 3257; x_wconf 88' lang='lat' dir='ltr'><strong>id</strong></span> 
     </span>
     <span class='ocr_line' id='line_1_28' title="bbox 215 3293 1369 3380; baseline 0 -22"><span class='ocrx_word' id='word_1_212' title='bbox 215 3301 279 3371; x_wconf 72' lang='lat' dir='ltr'><strong>est,</strong></span> <span class='ocrx_word' id='word_1_213' title='bbox 294 3297 368 3378; x_wconf 86' lang='lat' dir='ltr'><strong>ejus</strong></span> <span class='ocrx_word' id='word_1_214' title='bbox 390 3294 585 3377; x_wconf 88' lang='lat' dir='ltr'><strong>adoptionis</strong></span> <span class='ocrx_word' id='word_1_215' title='bbox 600 3295 682 3371; x_wconf 88' lang='lat' dir='ltr'><strong>dies,</strong></span> <span class='ocrx_word' id='word_1_216' title='bbox 699 3293 904 3380; x_wconf 88' lang='lat' dir='ltr'><strong>quiquidem</strong></span> <span class='ocrx_word' id='word_1_217' title='bbox 924 3295 958 3358; x_wconf 93' lang='lat' dir='ltr'><strong>iu</strong></span> <span class='ocrx_word' id='word_1_218' title='bbox 970 3294 1205 3378; x_wconf 88' lang='lat' dir='ltr'><strong>Septembrem</strong></span> <span class='ocrx_word' id='word_1_219' title='bbox 1217 3293 1314 3360; x_wconf 77' lang='lat' dir='ltr'><strong>carle·</strong></span> <span class='ocrx_word' id='word_1_220' title='bbox 1364 3313 1369 3324; x_wconf 91' lang='lat'><strong>·</strong></span> 
     </span>
     <span class='ocr_line' id='line_1_29' title="bbox 215 3389 938 3472; baseline 0.003 -14"><span class='ocrx_word' id='word_1_221' title='bbox 215 3396 288 3472; x_wconf 88' lang='lat' dir='ltr'><strong>bat,</strong></span> <span class='ocrx_word' id='word_1_222' title='bbox 302 3401 490 3460; x_wconf 87' lang='lat' dir='ltr'><strong>exornaret.</strong></span> <span class='ocrx_word' id='word_1_223' title='bbox 932 3389 938 3400; x_wconf 75' lang='grc'><strong>’</strong></span> 
     </span>
     <span class='ocr_line' id='line_1_30' title="bbox 215 3495 1314 3581; baseline -0.001 -22"><span class='ocrx_word' id='word_1_224' title='bbox 215 3533 219 3543; x_wconf 82' lang='lat'>·</span> <span class='ocrx_word' id='word_1_225' title='bbox 252 3495 348 3560; x_wconf 65' lang='lat' dir='ltr'><strong>Tum</strong></span> <span class='ocrx_word' id='word_1_226' title='bbox 369 3495 504 3560; x_wconf 90' lang='lat' dir='ltr'><strong>Plinius</strong></span> <span class='ocrx_word' id='word_1_227' title='bbox 526 3498 652 3580; x_wconf 88' lang='lat' dir='ltr'><strong>agebat</strong></span> <span class='ocrx_word' id='word_1_228' title='bbox 666 3515 788 3561; x_wconf 88' lang='lat' dir='ltr'><strong>aunum</strong></span> <span class='ocrx_word' id='word_1_229' title='bbox 805 3511 982 3562; x_wconf 82' lang='lat' dir='ltr'><strong>xxxvrrr.</strong></span> <span class='ocrx_word' id='word_1_230' title='bbox 1022 3497 1114 3562; x_wconf 90' lang='lat' dir='ltr'><strong>Hine</strong></span> <span class='ocrx_word' id='word_1_231' title='bbox 1130 3497 1196 3581; x_wconf 86' lang='lat' dir='ltr'><strong>Ep.</strong></span> <span class='ocrx_word' id='word_1_232' title='bbox 1213 3513 1266 3561; x_wconf 75' lang='grc' dir='ltr'><strong>ιν.</strong></span> <span class='ocrx_word' id='word_1_233' title='bbox 1281 3496 1314 3562; x_wconf 88' lang='grc'><strong>8.</strong></span> 
     </span>
     <span class='ocr_line' id='line_1_31' title="bbox 217 3595 1315 3690; baseline -0.001 -29"><span class='ocrx_word' id='word_1_234' title='bbox 217 3601 229 3634; x_wconf 76' lang='lat'><strong><em>⁴</em></strong></span> <span class='ocrx_word' id='word_1_235' title='bbox 235 3595 397 3675; x_wconf 52' lang='lat' dir='ltr'><strong>Utinam?</strong></span> <span class='ocrx_word' id='word_1_236' title='bbox 406 3599 525 3681; x_wconf 90' lang='lat' dir='ltr'><strong>inquit,</strong></span> <span class='ocrx_word' id='word_1_237' title='bbox 538 3598 826 3690; x_wconf 77' lang='lat' dir='ltr'><strong>‘utsaoerdotium</strong></span> <span class='ocrx_word' id='word_1_238' title='bbox 835 3600 937 3678; x_wconf 87' lang='lat' dir='ltr'><strong>idem,</strong></span> <span class='ocrx_word' id='word_1_239' title='bbox 945 3605 979 3663; x_wconf 90' lang='lat' dir='ltr'><strong>et</strong></span> <span class='ocrx_word' id='word_1_240' title='bbox 988 3600 1198 3664; x_wconf 84' lang='lat' dir='ltr'><strong>consulatum</strong></span> <span class='ocrx_word' id='word_1_241' title='bbox 1209 3598 1315 3662; x_wconf 90' lang='lat' dir='ltr'><strong>multo</strong></span> 
     </span>
     <span class='ocr_line' id='line_1_32' title="bbox 218 3697 1317 3784; baseline -0.002 -22"><span class='ocrx_word' id='word_1_242' title='bbox 218 3698 322 3762; x_wconf 85' lang='lat' dir='ltr'><strong>etiam</strong></span> <span class='ocrx_word' id='word_1_243' title='bbox 331 3698 442 3782; x_wconf 89' lang='lat' dir='ltr'><strong>junior</strong></span> <span class='ocrx_word' id='word_1_244' title='bbox 456 3719 557 3783; x_wconf 87' lang='lat' dir='ltr'><strong>quarn</strong></span> <span class='ocrx_word' id='word_1_245' title='bbox 574 3700 630 3763; x_wconf 92' lang='lat' dir='ltr'><strong>ille</strong></span> <span class='ocrx_word' id='word_1_246' title='bbox 640 3698 776 3784; x_wconf 89' lang='lat' dir='ltr'><strong>(nempe</strong></span> <span class='ocrx_word' id='word_1_247' title='bbox 794 3700 926 3779; x_wconf 83' lang='lat' dir='ltr'><strong>Cicero)</strong></span> <span class='ocrx_word' id='word_1_248' title='bbox 946 3719 1020 3764; x_wconf 86' lang='lat' dir='ltr'><strong>surn</strong></span> <span class='ocrx_word' id='word_1_249' title='bbox 1036 3705 1246 3774; x_wconf 86' lang='lat' dir='ltr'><strong>consecutus,</strong></span> <span class='ocrx_word' id='word_1_250' title='bbox 1267 3697 1317 3760; x_wconf 88' lang='lat' dir='ltr'><strong>ita</strong></span> 
     </span>
     <span class='ocr_line' id='line_1_33' title="bbox 217 3798 1317 3885; baseline -0.003 -22"><span class='ocrx_word' id='word_1_251' title='bbox 217 3798 459 3863; x_wconf 71' lang='lat' dir='ltr'><strong>senensaltsm</strong></span> <span class='ocrx_word' id='word_1_252' title='bbox 471 3801 643 3881; x_wconf 80' lang='lat' dir='ltr'><strong>ingenium</strong></span> <span class='ocrx_word' id='word_1_253' title='bbox 663 3800 738 3885; x_wconf 87' lang='lat' dir='ltr'><strong>ejus</strong></span> <span class='ocrx_word' id='word_1_254' title='bbox 760 3801 875 3884; x_wconf 91' lang='lat' dir='ltr'><strong>aliqua</strong></span> <span class='ocrx_word' id='word_1_255' title='bbox 895 3819 940 3864; x_wconf 84' lang='lat' dir='ltr'><strong>ex</strong></span> <span class='ocrx_word' id='word_1_256' title='bbox 959 3806 1056 3884; x_wconf 89' lang='lat' dir='ltr'><strong>parte</strong></span> <span class='ocrx_word' id='word_1_257' title='bbox 1084 3798 1218 3881; x_wconf 87' lang='lat' dir='ltr'><strong>assequi</strong></span> <span class='ocrx_word' id='word_1_258' title='bbox 1234 3815 1317 3880; x_wconf 90' lang='lat' dir='ltr'><strong>pos·</strong></span> 
     </span>
     <span class='ocr_line' id='line_1_34' title="bbox 218 3907 1316 3994; baseline -0.001 -22"><span class='ocrx_word' id='word_1_259' title='bbox 218 3907 282 3972; x_wconf 88' lang='lat' dir='ltr'><strong>sim</strong></span> <span class='ocrx_word' id='word_1_260' title='bbox 294 3907 313 3973; x_wconf 89' lang='lat'><strong>!’</strong></span> <span class='ocrx_word' id='word_1_261' title='bbox 347 3907 396 3973; x_wconf 85' lang='lat' dir='ltr'><strong>At</strong></span> <span class='ocrx_word' id='word_1_262' title='bbox 408 3908 542 3972; x_wconf 83' lang='lat' dir='ltr'><strong>Tullius</strong></span> <span class='ocrx_word' id='word_1_263' title='bbox 558 3928 647 3973; x_wconf 88' lang='lat' dir='ltr'><strong>anuo</strong></span> <span class='ocrx_word' id='word_1_264' title='bbox 663 3909 837 3974; x_wconf 74' lang='lat' dir='ltr'><strong>aetetislii.</strong></span> <span class='ocrx_word' id='word_1_265' title='bbox 847 3911 900 3994; x_wconf 86' lang='lat' dir='ltr'><strong>(ut</strong></span> <span class='ocrx_word' id='word_1_266' title='bbox 914 3910 1043 3974; x_wconf 90' lang='lat' dir='ltr'><strong>anobis</strong></span> <span class='ocrx_word' id='word_1_267' title='bbox 1059 3907 1145 3973; x_wconf 83' lang='lat' dir='ltr'><strong>iufra</strong></span> <span class='ocrx_word' id='word_1_268' title='bbox 1158 3909 1316 3972; x_wconf 85' lang='lat' dir='ltr'><strong>observa·</strong></span> 
     </span>
     <span class='ocr_line' id='line_1_35' title="bbox 217 4007 1100 4095; baseline -0.002 -21"><span class='ocrx_word' id='word_1_269' title='bbox 217 4007 319 4086; x_wconf 85' lang='lat' dir='ltr'><strong>bitur,</strong></span> <span class='ocrx_word' id='word_1_270' title='bbox 334 4009 452 4074; x_wconf 85' lang='lat' dir='ltr'><strong>Paoat.</strong></span> <span class='ocrx_word' id='word_1_271' title='bbox 468 4028 543 4094; x_wconf 86' lang='lat' dir='ltr'><strong>cap.</strong></span> <span class='ocrx_word' id='word_1_272' title='bbox 561 4009 645 4095; x_wconf 85' lang='lat' dir='ltr'><strong>vrr.)</strong></span> <span class='ocrx_word' id='word_1_273' title='bbox 656 4011 865 4081; x_wconf 86' lang='lat' dir='ltr'><strong>consulatum</strong></span> <span class='ocrx_word' id='word_1_274' title='bbox 880 4011 1022 4095; x_wconf 80' lang='lat' dir='ltr'><strong>adeptus</strong></span> <span class='ocrx_word' id='word_1_275' title='bbox 1037 4015 1100 4074; x_wconf 91' lang='lat' dir='ltr'><strong>est.</strong></span> 
     </span>
    </p>

    <p class='ocr_par' dir='ltr' id='par_1_6' title="bbox 219 4099 1317 4296">
     <span class='ocr_line' id='line_1_36' title="bbox 262 4099 1317 4196; baseline -0.001 -23"><span class='ocrx_word' id='word_1_276' title='bbox 262 4109 381 4173; x_wconf 84' lang='lat' dir='ltr'><strong>Errant</strong></span> <span class='ocrx_word' id='word_1_277' title='bbox 396 4118 505 4176; x_wconf 89' lang='lat' dir='ltr'><strong>autem</strong></span> <span class='ocrx_word' id='word_1_278' title='bbox 521 4113 581 4196; x_wconf 92' lang='lat' dir='ltr'><strong>qui</strong></span> <span class='ocrx_word' id='word_1_279' title='bbox 596 4111 700 4177; x_wconf 91' lang='lat' dir='ltr'><strong>Plinii</strong></span> <span class='ocrx_word' id='word_1_280' title='bbox 713 4099 929 4178; x_wconf 79' lang='lat' dir='ltr'><strong>consulatum</strong></span> <span class='ocrx_word' id='word_1_281' title='bbox 941 4114 1180 4193; x_wconf 86' lang='lat' dir='ltr'><strong>insequentem</strong></span> <span class='ocrx_word' id='word_1_282' title='bbox 1193 4127 1317 4173; x_wconf 87' lang='lat' dir='ltr'><strong>anuum</strong></span> 
     </span>
     <span class='ocr_line' id='line_1_37' title="bbox 219 4208 1316 4296; baseline -0.003 -21"><span class='ocrx_word' id='word_1_283' title='bbox 219 4208 384 4295; x_wconf 82' lang='lat' dir='ltr'><strong>rejiciunt.</strong></span> <span class='ocrx_word' id='word_1_284' title='bbox 412 4210 559 4278; x_wconf 85' lang='lat' dir='ltr'><strong>Primum</strong></span> <span class='ocrx_word' id='word_1_285' title='bbox 571 4214 672 4292; x_wconf 81' lang='lat' dir='ltr'><strong>enim,</strong></span> <span class='ocrx_word' id='word_1_286' title='bbox 685 4211 819 4278; x_wconf 84' lang='lat' dir='ltr'><strong>dnobus</strong></span> <span class='ocrx_word' id='word_1_287' title='bbox 832 4221 912 4296; x_wconf 85' lang='lat' dir='ltr'><strong>post</strong></span> <span class='ocrx_word' id='word_1_288' title='bbox 925 4212 1040 4278; x_wconf 88' lang='lat' dir='ltr'><strong>datam</strong></span> <span class='ocrx_word' id='word_1_289' title='bbox 1055 4209 1162 4276; x_wconf 75' lang='lat' dir='ltr'><strong>aretii</strong></span> <span class='ocrx_word' id='word_1_290' title='bbox 1177 4209 1316 4295; x_wconf 83' lang='lat' dir='ltr'><strong>praeseo-</strong></span> 
     </span>
    </p>
   </div>
   <div class='ocr_carea' id='block_1_5' title="bbox 0 0 1573 4854">
    <p class='ocr_par' dir='ltr' id='par_1_7' title="bbox 0 0 1573 4854">
     <span class='ocr_line' id='line_1_38' title="bbox 0 0 1573 4854; baseline 0 0"><span class='ocrx_word' id='word_1_291' title='bbox 0 0 1573 4854; x_wconf 95' lang='lat' dir='ltr'><strong> </strong></span> 
     </span>
    </p>
   </div>
  </div>
 </body>
</html>
