3022 4852
246 345 288 408 10
653 383 660 392 ‚
699 357 895 406 onerario
935 375 943 396 «-

247 509 375 576 notam,
391 495 492 564 credo
515 497 668 565 affirmari
692 519 713 564 a
735 519 788 564 me
810 519 924 584 posse,
938 519 991 564 me
1014 502 1048 565 in
1072 499 1277 568 conferendis
1292 509 1344 568 tot

249 601 424 666 codicibus
445 599 532 666 Mss.
555 601 716 684 librisque
733 603 881 679 excusis,
897 603 1172 685 operosissimum
1194 604 1344 668 laborem
1457 596 1458 626 ¹

250 703 466 768 sustinuisse.
510 701 622 781 Quam
637 703 739 786 pauci
754 708 862 766 autem
883 703 1027 768 editores
1048 707 1186 772 antehac
1207 705 1249 770 de
1265 725 1344 768 oon·

248 805 392 868 serendis
418 803 506 870 Mss.
533 805 657 869 soliciti
680 803 786 881 fuere,
812 809 870 868 aut
897 805 1170 872 conserendorum
1197 807 1344 870 habuere

250 908 495 972 occasionemi
541 905 627 969 Cum
653 925 734 970 vero
762 906 817 970 hic
842 906 1073 991 Panegyricus
1098 909 1286 993 frequenter
1309 910 1346 974 iu

251 1008 444 1091 Gymnasiis
458 1006 719 1090 Academiisque
738 1007 938 1089 explicetur,
954 1007 988 1071 id
1011 1010 1222 1091 potissimum
1238 1009 1347 1074 consi·
1462 1073 1463 1078 ,

250 1110 332 1174 lium
349 1118 486 1174 secutus
502 1127 586 1186 snm,
601 1114 637 1172 ut
656 1108 885 1173 moderatioris
901 1110 1031 1174 critices
1048 1112 1218 1194 specimen
1226 1111 1346 1194 juveu-

251 1214 314 1276 tnti
343 1211 508 1274 studiosae
533 1208 657 1274 darem.
700 1210 823 1295 Itaque
846 1231 914 1275 uon
940 1212 1041 1277 facile
1070 1213 1195 1297 aliquid
1219 1221 1348 1277 mutare
1464 1261 1465 1268 .

253 1333 357 1378 ausus
373 1331 458 1388 sum,
473 1311 539 1375 nisi
551 1312 609 1375 ubi
624 1312 679 1375 vel
696 1313 773 1394 ipsa
789 1314 960 1377 sententiae
977 1315 1218 1380 constituendae
1230 1334 1348 1379 neces-
1465 1359 1466 1364 η

253 1416 350 1492 sitas,
374 1414 428 1479 vel
450 1413 631 1478 manifesta
654 1415 855 1497 antiquioris
879 1414 1035 1479 lectionis
1059 1414 1194 1492 indicia,
1221 1435 1274 1480 me
1304 1416 1348 1480 ad

253 1517 443 1582 audendum
466 1517 567 1598 quasi
591 1515 680 1579 ultro
708 1515 921 1579 deducerent.
966 1516 1074 1580 Immo
1104 1537 1210 1601 prope
1241 1518 1347 1593 abest,

254 1621 335 1704 quin
348 1619 424 1701 ipse
438 1617 554 1696 fatear,
565 1637 618 1680 me
630 1618 665 1680 iu
674 1618 763 1682 locis
777 1618 977 1702 quibusdam
988 1620 1156 1684 mutandis
1167 1618 1237 1684 sere
1252 1620 1349 1684 nimis

255 1719 458 1801 religiosum,
473 1726 544 1796 aut,
560 1717 589 1782 si
604 1720 722 1795 mavis,
735 1719 1006 1802 superstitiosum
1025 1719 1143 1784 fuisse.
1174 1720 1247 1784 Vix
1262 1723 1349 1786 enim

256 1827 351 1906 puto,
367 1840 421 1885 rue
436 1820 512 1904 jure
527 1821 680 1904 potuisse
697 1821 789 1901 argui
804 1821 1011 1898 temeritatis,
1027 1823 1057 1884 si
1069 1841 1097 1884 e.
1113 1843 1143 1904 g.
1162 1837 1233 1886 xx.
1247 1824 1278 1885 4.
1291 1841 1350 1904 pro

148 1935 154 1946 ’
256 1933 418 2000 exerceret,
433 1923 658 2006 reposuissem
674 1921 842 1992 exercitos,-
876 1939 994 1986 xxur.
1014 1925 1047 1987 2.
1064 1943 1125 2006 pro
1143 1933 1269 1998 astaret,
1292 1921 1351 1988 ad-

257 2028 424 2090 misissem
438 2033 569 2102 artaret,
585 2015 657 2088 siv'e
673 2034 821 2088 arctaret.
864 2025 902 2089 Si
921 2045 1005 2108 quas
1021 2044 1100 2089 vero
1116 2025 1270 2107 vulgares
1285 2024 1352 2088 lec·

257 2129 367 2191 tiones
384 2125 562 2192 mutandas
579 2126 856 2209 corrigendasque
875 2127 1002 2204 censui,
1021 2126 1055 2190 id
1075 2127 1184 2210 ipsum
1205 2125 1352 2210 quodam

258 2231 486 2294 characterum
499 2228 690 2292 discrimine
705 2227 863 2304 indicari,
878 2234 918 2291 ut
931 2247 1038 2293 meam
1059 2228 1290 2292 correctionem
1308 2227 1352 2291 ad

259 2333 397 2396 aliorum
416 2330 567 2394 referrem
584 2329 761 2413 judicium,
775 2348 884 2414 usque
903 2329 981 2393 dnm
999 2329 1072 2394 dies
1093 2330 1233 2393 certiora
1245 2330 1354 2412 profe-

258 2440 323 2511 rat,
346 2433 398 2497 vel
420 2437 547 2497 nostras
570 2431 742 2495 confirmet
764 2430 983 2513 conjecturas.
1037 2428 1217 2510 Quomodo
1240 2440 1353 2495 antem

260 2536 378 2618 iniquo
394 2533 496 2600 feram
510 2533 633 2608 auimo,
646 2532 676 2595 si
690 2531 751 2595 alii
771 2551 792 2595 a
810 2551 863 2595 me
882 2530 1124 2612 dissenserint3
1147 2551 1223 2596 cum
1245 2541 1354 2614 elego

261 2638 305 2703 ab
323 2638 410 2714 aliis,
425 2635 576 2700 modeste
590 2642 710 2712 tamen,
728 2639 764 2698 et
782 2640 882 2718 prout
898 2633 1113 2698 humanitatis
1132 2633 1354 2716 professorem

262 2739 371 2814 decet,
385 2740 487 2803 immo
503 2737 685 2820 aliquando
697 2744 731 2803 et
746 2758 766 2802 a
780 2759 832 2802 me
844 2739 932 2821 ipso,
949 2738 1168 2802 dissentiaml
1192 2736 1355 2821 Equidem

261 2850 298 2904 et
316 2841 381 2902 hoc
399 2839 583 2921 praevideo,
598 2857 651 2901 me
666 2838 766 2902 facile
781 2839 946 2902 nonnullis
961 2839 1071 2901 visum
1089 2839 1130 2902 iri
1144 2838 1231 2902 haud
1247 2858 1356 2923 pauca

264 2940 414 3006 attulisse
439 2957 661 3022 superuacua,
679 2938 896 3020 inprimisque
922 2937 1085 3002 lectiones
1109 2940 1276 3004 variantes
1297 2939 1357 3002 ali-

265 3040 402 3126 quando
417 3040 554 3104 nimium
570 3037 770 3103 cumulasse.
814 3035 1043 3114 merserant,
1059 3058 1111 3102 me
1127 3039 1192 3104 hoc
1206 3040 1357 3105 instituto

264 3144 475 3228 potissimum
485 3142 654 3226 juniorum
675 3140 798 3206 studiis
816 3140 994 3204 consulere
1009 3140 1170 3217 voluisse,
1185 3150 1222 3205 ut
1237 3161 1358 3205 causas
1449 3209 1452 3212 ,

185 3281 188 3285 ·
267 3250 301 3308 et
317 3247 459 3326 origines
481 3251 531 3309 tot
553 3244 813 3328 corruptelarum
836 3243 872 3306 in
894 3242 992 3307 bonis
1014 3243 1231 3325 scriptoribus
1245 3244 1360 3309 obvia·

267 3365 339 3410 rum
352 3351 546 3426 agnoscant,
561 3353 596 3409 ot
609 3344 773 3409 interdum
786 3363 830 3407 ex
846 3345 899 3406 his
912 3345 996 3426 ipsis
1012 3344 1208 3427 corruptelis
1224 3345 1360 3408 verioris

267 3446 422 3512 lectionis
436 3445 580 3527 vestigia
590 3445 747 3527 indagare
762 3445 903 3510 discant.
926 3444 1063 3527 Aliqua,
1078 3445 1196 3522 fateor,
1208 3446 1243 3508 iu
1258 3445 1361 3510 Notis

269 3554 304 3612 et
318 3547 612 3618 Observationibus
623 3545 756 3622 addidi,
772 3565 850 3628 quar
866 3544 942 3610 Viri
958 3546 1087 3621 eruditi,
1097 3546 1156 3629 qui
1170 3547 1239 3628 ipsi
1251 3551 1363 3614 multi·

268 3652 349 3736 plici
374 3668 479 3712 rerum
505 3648 657 3726 scientia,
683 3647 907 3731 librorumque
931 3648 1154 3732 supellectile,
1177 3650 1362 3732 abundant,
1446 3699 1449 3707 .

269 3754 416 3817 fortasse
430 3769 497 3814 nou
511 3750 703 3833 requirant:
726 3749 795 3834 sed·
806 3751 897 3826 noui,
914 3750 1017 3814 etiam
1040 3769 1115 3813 esse
1135 3751 1288 3827 lectores,
1304 3755 1363 3834 qni

272 3855 354 3918 talia
372 3873 437 3919 non
460 3871 594 3933 semper
615 3851 649 3916 in
671 3857 802 3934 promtu
823 3849 980 3927 habeant,
996 3869 1201 3934 quorumque
1218 3854 1363 3918 rationes

273 3975 338 4018 non
352 3957 471 4032 serant,
486 3961 525 4016 ut
540 3972 559 4015 e
574 3953 685 4017 multis
699 3952 796 4017 libris
815 3954 1013 4037 conquirant
1033 3973 1085 4028 ea,
1106 3972 1183 4034 quae
1199 3955 1243 4018 ad
1258 3957 1362 4037 expli-

274 4055 399 4119 candas
429 4055 658 4139 antiquitates
683 4073 845 4137 verasque
871 4072 991 4119 vocum
1019 4052 1293 4134 significationes
1314 4057 1363 4120 sa·

274 4156 376 4228 ciunt.
420 4156 469 4223 Ut
482 4177 558 4224 vero
572 4157 609 4238 ii,
624 4157 747 4242 quibus
762 4157 826 4222 hac
840 4155 992 4224 Editioue
1012 4157 1057 4220 uti
1073 4157 1249 4240 placuerit,
1273 4158 1365 4223 velut
