3022 4852
580 355 632 403 xu
658 347 872 404 sucronem.
1250 347 1273 410 9

172 519 302 566 omnem
316 497 550 580 cogitationem
565 503 773 584 mentemque
785 501 1021 566 convertebam
1033 501 1078 566 ad
1088 503 1271 585 pleniorem

171 601 446 666 commentarium
472 600 725 678 conficiendum,
750 621 818 685 quo
844 600 987 673 Plinius,
1011 609 1171 684 quantum
1198 605 1270 670 lieri

170 710 299 787 posset,
314 711 349 768 et
366 704 594 780 illustraretur,
614 709 648 768 et
668 703 815 787 pristinae
835 705 1062 769 restitueretur
1079 705 1269 788 integritati.

170 806 241 870 Pro
261 826 353 870 more
372 825 461 884 meo,
478 825 578 888 qoem
599 807 675 890 ipse
695 806 865 870 nonsatis
885 806 1001 890 probo,
1016 825 1104 881 eum,
1120 807 1150 871 si
1165 829 1268 890 quarn

169 909 355 990 conscripsi
371 908 550 989 plagulam,
564 906 655 972 illico
673 907 765 990 typis
783 907 1038 972 exscribendam
1054 907 1148 974 trado
1168 917 1268 994 typo-

167 1008 316 1092 graphis,
331 1018 370 1073 nt
389 1017 511 1088 cetera,
525 1030 604 1092 quae
624 1016 817 1092 sequuntur,
833 1029 897 1074 nou
917 1011 983 1075 nisi
1002 1013 1066 1076 sub
1082 1011 1158 1094 ipso
1175 1012 1267 1094 prelo

167 1120 249 1176 nata
270 1131 345 1175 esse
368 1111 564 1191 videantur3
582 1111 652 1194 jam
676 1118 745 1176 tum
765 1114 866 1175 etiam
887 1113 1015 1196 aliquot
1033 1114 1187 1197 plagulas
1207 1113 1264 1177 Bi·

166 1214 329 1295 bliopolae
350 1211 680 1295 Norimbergcnsium
703 1212 946 1289 honestissimo,
965 1213 1089 1278 Joanni
1113 1215 1265 1296 Georgio
1319 1233 1323 1240 ·

165 1316 350 1390 Lachnero,
365 1314 609 1378 transmiseram
624 1335 633 1393 ;
661 1334 736 1396 quae
754 1332 831 1376 cum
846 1315 917 1398 jam
939 1334 1078 1378 excusae
1094 1323 1217 1392 essent,
1232 1338 1263 1381 a.

168 1433 454 1482 moccxxxvrrr.
476 1413 728 1480 Amstelodamo
748 1415 812 1479 huc
833 1415 966 1479 affertur
982 1415 1184 1481 nitidissima
1200 1419 1265 1484 l’a·

164 1519 311 1600 uegyrici
343 1517 491 1582 Pliniaui
516 1517 628 1593 editio,
655 1537 732 1580 cnm
757 1517 890 1599 integris
913 1518 1035 1600 pariter
1059 1536 1100 1582 ac
1125 1517 1263 1584 selectis

164 1619 325 1682 Virorum
347 1619 551 1684 eruditorum
576 1617 691 1695 Notis,
710 1625 847 1710 curante
865 1618 999 1702 quidem
1014 1617 1060 1682 V.
1075 1618 1116 1685 C.
1130 1619 1263 1686 Joauua

162 1719 354 1799 Arnlzenio,
368 1720 424 1804 qni
439 1725 473 1783 et
486 1741 567 1784 suas
582 1720 705 1803 adjecit
720 1719 972 1785 Annotationes.
994 1721 1074 1786 Jam
1090 1728 1200 1786 actum
1217 1724 1260 1788 de

163 1841 240 1886 meo
267 1823 503 1886 commentario
528 1823 722 1887 videbatur:
759 1822 839 1903 quid
868 1823 954 1885 euim
981 1842 1042 1903 ego
1069 1823 1174 1900 aliud,
1201 1832 1261 1890 aut

164 1923 293 2002 melius,
309 1923 425 1987 afferre
444 1924 585 2008 possim,
600 1944 703 2007 quam
717 1922 782 1988 Vir
801 1923 856 1986 hic
871 1924 1100 2002 doctissimus,
1116 1926 1173 2007 qui
1186 1926 1260 2010 jam

162 2027 204 2090 de
219 2027 294 2090 aliis
309 2026 530 2108 scriptoribus
545 2026 693 2108 antiquis
710 2024 916 2089 illustrandis
931 2027 1014 2089 bane
1028 2027 1260 2111 praeclareque

163 2130 304 2208 meruit3
327 2130 385 2211 qui
404 2127 665 2218 Obserqationes
683 2147 787 2203 meac,
804 2146 900 2208 quas,
916 2127 965 2190 uti
984 2147 1087 2210 supra
1109 2127 1193 2205 dixi,
1213 2130 1258 2196 ad

161 2232 267 2294 instar
283 2229 564 2311 Disputationum
582 2227 860 2292 Academicarum
882 2228 1104 2312 prodideram,
1121 2250 1187 2294 non
1209 2233 1257 2295 in·
1349 2283 1358 2288 .

162 2332 280 2416 dignas
291 2332 472 2414 judicavit,
489 2352 573 2417 quas
587 2332 680 2415 operi
699 2351 761 2395 suo
780 2331 927 2413 integras
941 2332 1120 2411 insererat;
1141 2353 1259 2417 quarn·

161 2434 215 2498 vis
240 2435 313 2516 ipse
339 2454 439 2499 uuam
461 2434 625 2499 duntaxat
648 2454 760 2498 earum
788 2441 928 2516 partem,
948 2434 1037 2498 haud
1063 2455 1104 2500 eo
1125 2437 1202 2512 fine,
1223 2439 1257 2504 ei

160 2535 440 2617 transmisissem
463 2537 519 2601 cui
533 2536 677 2618 denique
693 2556 753 2598 nec
772 2535 926 2598 subsidia
945 2543 1090 2599 veterum
1111 2557 1255 2620 quorun-

159 2639 236 2703 dam
265 2639 518 2723 exemplarium,
543 2638 635 2721 typis
663 2637 921 2718 exscriptorum,
950 2643 985 2698 et
1013 2637 1255 2721 Excerptorum
1329 2689 1331 2694 .

157 2739 415 2815 Vossianorum,
432 2739 629 2822 codicisque
640 2736 938 2828 Guelpherbytaui,
950 2735 1111 2800 lectiones
1123 2739 1255 2802 varian-

157 2851 222 2919 tes,
237 2841 357 2924 quibus
372 2848 404 2905 et
422 2842 499 2923 ipse
520 2859 601 2904 usus
619 2859 707 2918 sum,
720 2857 789 2903 non
810 2837 956 2916 defuere,
976 2843 1013 2902 ut
1026 2839 1088 2917 ita,
1104 2840 1133 2902 si
1153 2840 1254 2906 etiam

156 2945 286 3026 ubsque
305 2945 390 3007 meis
412 2943 711 3009 Observatiouibus
730 2943 861 3023 luisset,
876 2941 913 3006 iu
932 2939 1068 3006 easdem
1090 2942 1253 3024 quasdam

155 3045 406 3110 emendationes
427 3046 594 3128 potuisset
616 3044 787 3110 incideret
833 3041 936 3122 Quod
959 3042 989 3106 si
1009 3041 1094 3107 adeo
1118 3062 1178 3126 per
1200 3063 1253 3106 mo

155 3149 316 3222 stetisset,
344 3167 405 3212 nac
435 3147 644 3230 Bibliopola,
669 3144 760 3210 haud
789 3145 864 3210 leve
893 3143 960 3207 sibi
988 3143 1143 3206 damnum
1172 3142 1252 3206 iuda

154 3249 272 3314 datum
295 3250 348 3326 iri,
366 3259 526 3314 causatus
545 3253 658 3329 esset3
681 3247 780 3314 facile
797 3246 987 3330 abjecturus
1007 3241 1149 3307 fuissem
1170 3262 1251 3308 con·

154 3351 267 3416 silium
288 3351 526 3416 continuandae
548 3349 829 3434 perficiendaeque
848 3346 948 3431 hujus
967 3345 1145 3422 Editionis,
1160 3345 1251 3412 haud

151 3474 242 3535 aegre
258 3455 497 3537 permissurus,
514 3461 550 3518 ot
567 3453 715 3538 plagulae
734 3451 806 3536 jam
825 3467 963 3515 excusae
982 3448 1089 3512 thuris
1108 3448 1250 3532 piperis·

152 3576 218 3640 quc
240 3556 381 3620 cucullis
401 3557 601 3621 inservirent.
645 3554 690 3621 Et
709 3575 789 3620 sana
804 3555 895 3618 lente
915 3549 1101 3633 frigideque
1124 3551 1167 3613 ab
1190 3551 1249 3615 illo

151 3663 303 3740 tempore
319 3659 486 3739 processit
499 3678 599 3742 opus,
610 3659 701 3722 itaut
715 3657 820 3722 semel
831 3656 1015 3737 iterumque
1028 3670 1089 3735 per
1100 3653 1248 3732 integros

24 3833 25 3836 Ἴ
150 3777 259 3824 annos
275 3760 352 3823 aliis
370 3761 513 3841 negotiis
530 3760 771 3843 laboribusque
790 3757 880 3823 istud
899 3753 1173 3837 interpellaretur,
1189 3769 1248 3816 us·

150 3881 214 3943 que
229 3861 308 3924 dum
326 3882 384 3944 per
401 3863 466 3926 hoc
484 3861 617 3926 demum
639 3863 828 3945 proximum
849 3858 1019 3924 biennium
1035 3854 1176 3937 coeperit
1195 3873 1246 3920 ur·

149 3964 227 4044 geri,
239 3963 379 4046 jamque
400 3964 444 4028 ad
459 3963 558 4028 finem
579 3964 773 4047 perductum
792 3963 861 4027 luci
881 3959 1026 4046 publicae
1048 3963 1246 4038 exponatur·

150 4064 241 4142 Quid
259 4083 340 4128 vero
360 4067 395 4128 in
419 4066 483 4140 bac
506 4066 662 4130 Editione
684 4065 908 4150 praestiterim,
928 4061 1069 4124 aliorum
1086 4063 1138 4122 est
1156 4058 1246 4141 judi·

147 4183 242 4246 care;
264 4185 329 4232 non
350 4185 460 4232 meum
484 4167 726 4234 commendare.
772 4166 943 4241 Idunum,
964 4159 1048 4245 citra
1062 4159 1236 4244 jactantiae
