3088 4848
550 405 832 455 renueremus.
876 405 902 455 t.
923 389 976 456 62.
1248 389 1314 458 2⁰3

220 531 416 599 consulatus
440 531 579 611 dederis,
601 551 733 614 semper
756 541 865 598 temen
890 534 1017 616 plnres,
1041 532 1164 615 quibus
1184 532 1313 600 debeas

220 631 313 710 dere,
328 636 504 718 supersint.
1275 652 1283 664 ·

263 735 352 797 Cre.
371 750 467 798 nx11.
500 736 532 799 l.
555 734 711 800 Omnium
735 735 869 819 quidem
890 734 1138 809 beneficiorum,
1150 721 1231 819 ¹queo
1246 757 1313 802 me·

218 837 368 901 rentibus
385 841 582 915 tribuuntur,
596 857 660 901 non
677 837 720 902 ad
737 839 830 921 ipsos
841 838 1000 918 gaudium
1016 837 1140 920 majus,
1157 837 1312 920 quemad

219 937 357 1012 similes,
387 939 568 1004 redundat:
595 941 766 1022 praecipue
790 948 900 1003 tamen
922 959 965 1002 ex
988 939 1104 1002 horum
1128 928 1313 1018 eonsulntu,

217 1056 282 1100 non
310 1037 353 1102 ed
376 1046 501 1123 partem
525 1041 672 1122 aliquam
694 1047 843 1117 senatus,
866 1039 927 1104 sed
950 1040 992 1102 nd
1016 1046 1122 1104 totum
1148 1047 1314 1117 sonetum,

218 1143 311 1202 tanta
331 1141 452 1205 leutitia
476 1142 635 1225 pervenit,
659 1148 696 1205 ut
718 1141 859 1204 eundern
879 1142 1036 1206 honorem
1052 1160 1168 1206 omues
1186 1143 1262 1216 sibi,
1279 1149 1314 1205 et

218 1239 361 1315 dedisse,
379 1248 412 1308 et
426 1244 613 1326 accepisse,
630 1243 810 1308 videantur.
854 1243 885 1306 2.
910 1241 1044 1326 Nempe
1061 1244 1150 1307 enim
1170 1243 1203 1308 hi
1226 1252 1311 1318 sunt,

218 1361 303 1423 quos
318 1352 468 1421 sunnine,
489 1364 562 1409 cum
578 1346 725 1427 publicis
742 1345 908 1408 sumtibus
923 1342 1123 1409 minuendisi
1146 1347 1311 1430 optimum

216 1459 382 1528 quemque
395 1446 588 1528 praeficeret,
599 1448 708 1527 elegit,
718 1456 748 1509 et
757 1445 878 1530 quidem
889 1447 1026 1528 primos.
1050 1445 1127 1510 Hoc
1139 1453 1191 1513 est
1204 1446 1310 1527 igitur,

214 1542 280 1608 hoc
295 1552 358 1624 est,
375 1548 464 1630 quod
476 1549 607 1631 penitus
618 1549 696 1613 illos
708 1550 818 1612 animo
832 1546 977 1612 caesaris
995 1547 1183 1611 insinuavit.
1205 1550 1238 1610 3.
1259 1549 1312 1614 An
1338 1572 1346 1580 ·

215 1664 333 1728 parum
349 1669 438 1732 seepe
452 1649 582 1732 experti
596 1669 722 1727 sumus,
742 1649 826 1714 hunc
848 1669 924 1713 esse
948 1668 1054 1713 rernm
1074 1649 1311 1726 conditionem,

214 1753 251 1810 ut
276 1755 412 1818 senatus
436 1750 529 1816 favor
553 1751 645 1832 apud
667 1752 851 1834 principem
873 1757 930 1814 aut
953 1751 1069 1833 prosit,
1088 1758 1146 1814 aut
1167 1753 1310 1816 nocenti
1384 1737 1392 1748 ’

215 1850 339 1916 Nonne
356 1852 458 1934 paulo
473 1860 551 1917 ente
566 1853 645 1916 nihil
659 1854 765 1934 magis
778 1852 914 1916 exitiale
929 1859 1011 1928 erat,
1034 1871 1135 1933 quom
1149 1853 1206 1914 itta
1222 1855 1312 1934 prin-

213 1953 300 2034 cipis
324 1955 509 2034 cogitatio:
531 1956 619 2018 huno
646 1962 784 2018 senatus
814 1955 958 2037 probat3
980 1953 1034 2016 hio
1062 1953 1191 2016 senatui
1213 1973 1311 2018 carus

213 2056 291 2118 esti
337 2049 485 2131 Odernt,j
509 2073 595 2136 quos
610 2074 672 2117 nos
693 2074 899 2132 amaremus3
923 2055 984 2117 sed
999 2059 1032 2116 et
1047 2073 1121 2128 nos,
1138 2073 1225 2134 quos
1243 2053 1310 2117 ille.

212 2156 245 2218 4.
270 2155 372 2219 Νυηο
388 2156 470 2220 inter
485 2156 672 2239 principem
696 2163 915 2238 senatumque
938 2155 1124 2237 dignissimi
1146 2153 1309 2238 cujusque

213 2256 350 2320 caritate
366 2264 532 2321 certatur!
576 2258 853 2322 Demonstramus
868 2258 1031 2338 inuicem3
1048 2255 1308 2324 credimusinui-

244 2431 254 2456 t
269 2415 328 2476 Junt
338 2442 393 2477 uero
402 2401 512 2493 princeps
523 2435 547 2479 et
557 2435 653 2486 senatus
662 2429 815 2491 dignissimos
824 2443 925 2494 quosque
934 2428 1044 2480 certatim
1055 2434 1144 2478 emunt.

210 2693 393 2744 desiderantur
416 2695 442 2744 iu
465 2695 540 2746 codd.
558 2697 617 2746 Vnt.
635 2699 660 2746 t.
682 2697 777 2745 Venet.
795 2699 820 2745 2.
837 2696 927 2748 salisb.
943 2712 959 2747 s
976 2713 1016 2760 pr.
1035 2713 1068 2748 m.
1086 2704 1114 2747 et
1132 2697 1308 2750 Seliusrzirm.

209 2761 266 2874 ἵνα
282 2761 373 2821 tertios,
385 2759 496 2823 Gnelpb.
509 2761 587 2812 hebet
601 2766 688 2810 ternos.
722 2761 851 2824 Denique,
868 2762 927 2814 eod.
944 2762 1037 2815 Putes.
1053 2762 1131 2810 buben
1145 2762 1229 2824 quidus
1239 2765 1308 2830 deles

225 2840 275 2874 ure.

243 2891 311 2938 cnr.
324 2900 391 2936 extr.
418 2889 456 2938 tf
470 2888 548 2938 Levis
561 2887 670 2936 uarietas
681 2885 794 2936 oeenrrit
806 2885 831 2934 in
844 2885 977 2937 codicibus
991 2887 1054 2938 Mes.
1066 2887 1091 2936 in
1102 2887 1221 2938 Gndisno
1231 2891 1305 2953 libro,

208 2953 272 3002 item
284 2955 309 3000 in
322 2953 442 3001 Berenldi
455 2969 484 3002 uc
496 2953 648 3016 cuspiniani
658 2951 781 3008 editione,
791 2951 833 3000 nbi
845 2967 891 3016 pro
906 2953 984 3014 magis
996 2952 1091 3014 legitur
1104 2954 1188 3014 smtjus.
1214 2955 1305 3020 Neque

210 3017 316 3078 insuper
333 3018 450 3066 bubendu
467 3018 568 3066 videtur
585 3020 640 3066 lraee
658 3017 745 3076 lectio,
762 3031 819 3064 cnm
832 3019 887 3079 puri
905 3016 960 3066 fere
976 3015 1051 3066 niodo
1064 3017 1119 3065 Cic.
1133 3019 1157 3066 in
1170 3019 1245 3069 Oret.
1257 3037 1304 3083 pro

210 3081 347 3141 Marcello,
358 3096 418 3144 nep.
435 3085 474 3129 11.
491 3083 578 3130 diest:
602 3082 669 3129 ‘Est
685 3095 746 3128 uere
761 3079 918 3136 fortunatus,
935 3081 1007 3142 cnjus
1020 3095 1051 3130 ex
1063 3081 1146 3130 salute
1159 3097 1209 3130 non
1221 3085 1305 3134 minor

210 3159 276 3208 pene
293 3146 326 3194 sd
344 3160 438 3200 omnes,
451 3159 527 3208 qnam
545 3145 577 3193 ed
594 3145 676 3204 illuns,
687 3153 797 3194 ventura
811 3146 855 3203 sit,
867 3145 958 3194 laetitin
977 3142 1158 3206 pervenerit.''
1184 3145 1304 3197 Sclwurz.

209 3213 217 3238 ‘
229 3211 308 3270 Mnjus
319 3224 406 3258 ornnes
417 3211 528 3273 sutiqnae
540 3211 669 3258 editiones
682 3208 785 3257 Puteol.
798 3209 909 3270 Veneta,
920 3207 1028 3257 Froben.
1036 3216 1064 3256 et
1073 3222 1131 3258 eum
1141 3210 1233 3258 nostris
1242 3210 1304 3259 dno-

209 3273 256 3322 bns
267 3275 350 3322 codex
367 3273 483 3323 Liuineii.
517 3274 629 3336 Primus,
641 3274 707 3334 qnod
728 3274 816 3330 setam,
828 3273 904 3332 magis
920 3272 991 3320 dedit
1003 3271 1096 3332 Aldus,
1110 3279 1138 3320 et
1151 3272 1177 3321 in
1188 3276 1303 3336 margine

210 3337 365 3387 Rhenanus!
381 3338 515 3386 Arnim-d
536 3339 628 3388 Codd.⁴
640 3338 716 3386 Vatt.
734 3338 758 3384 4.
775 3345 802 3394 et
824 3337 996 3386 Schwarzinn.
1013 3336 1144 3398 sumptibus
1162 3339 1303 3388 muniendis.

209 3403 291 3452 Codd.
306 3403 425 3450 verines
440 3402 610 3450 Schwnrzinn.
621 3417 687 3463 quem
702 3401 842 3466 perficeret:
861 3403 955 3451 Vaut.
969 3415 1080 3464 quemque
1095 3399 1234 3464 perficeret;
1250 3403 1303 3452 Ve-

208 3475 275 3516 neti.
290 3471 312 3516 l.
323 3472 348 3516 2.
359 3481 427 3528 quens
435 3467 566 3529 preficeret
576 3484 586 3525 ,-
596 3467 660 3516 Exo.
671 3467 745 3514 Voss.
756 3475 782 3514 et
794 3466 853 3515 eod.
866 3467 958 3514 Pstsv.
968 3481 1033 3528 quem
1045 3465 1164 3530 preficere
1172 3467 1302 3517 statuisset.

208 3531 280 3586 Mox,
293 3533 378 3593 vutgg.
390 3533 496 3593 equidem
508 3532 612 3594 primum·
623 3540 651 3581 et
662 3531 698 3579 sie
712 3532 815 3592 plurimi
827 3531 902 3580 codd.
914 3531 991 3578 etiarn
1004 3530 1098 3578 Putes.
1110 3537 1137 3578 et
1150 3531 1213 3580 Eue.
1226 3533 1303 3582 Voss.

208 3596 301 3656 quidem
310 3595 398 3658 primos
408 3595 500 3643 Sulisb.
527 3598 651 3660 etquidem
663 3597 751 3658 primos
760 3596 811 3644 duo
830 3596 907 3644 codd.
921 3596 994 3643 Vstt.
1024 3595 1093 3643 'Vide
1106 3595 1302 3648 Nettvsrn—

208 3663 223 3706 8
242 3660 294 3708 Pro
305 3659 397 3720 experti
407 3673 495 3718 sumus,
506 3662 584 3708 codd.
594 3661 701 3708 Venett.
715 3665 737 3708 1.
747 3666 771 3709 2.
787 3661 869 3711 Puris.
879 3670 905 3708 et
917 3659 1011 3708 salisb.
1021 3659 1303 3720 bobeuteupsrtissims's.

208 3722 291 3773 Punlo
309 3731 367 3787 post
380 3725 469 3772 Oderat
486 3723 560 3773 deest
577 3725 603 3772 in
621 3725 680 3774 eod.
692 3727 786 3774 Peter.
821 3724 903 3773 cndd.
918 3724 1026 3772 Veneti.
1038 3730 1066 3771 et
1077 3722 1192 3786 ouetpn.
1204 3722 1301 3772 liabent

702 3853 809 3904 NOTAE

240 3949 527 4012 ¹Sumtilusminumdis]
545 3949 675 3999 Eshaststo
687 3965 734 4013 per
773 3951 817 4000 Its
828 3950 888 3998 Dio.

209 4027 384 4078 Domitianum
403 4025 503 4083 erario,
525 4027 626 4086 Nerua,
647 4026 733 4075 multis
802 4025 812 4070 l
827 4028 928 4091 Oderat]
941 4025 1043 4076 Oderat
1056 4019 1225 4092 Domitianus.
1237 4035 1300 4084 qnos

207 4102 342 4153 sacrificiis
353 4099 517 4159 dissensibus,
532 4108 560 4150 et
575 4101 733 4164 spectaculis
774 4103 931 4162 srnabsmns‚
941 4110 968 4153 et
980 4101 1098 4163 vicissim,
1115 4111 1178 4164 qnos
1196 4097 1299 4148 umsbnt

208 4179 325 4236 subistis,
358 4190 463 4245 necesse
496 4174 585 4225 babuit
618 4175 733 4248 publicos
773 4178 979 4239 ille‚oderumnr.

208 4263 316 4322 sumtus,
342 4261 465 4320 qnantum
490 4252 584 4320 potuit,
609 4253 732 4306 minnere.
