3100 4854
248 371 292 435 76
520 382 553 430 c.
569 381 692 428 rainu
716 377 868 430 cnorum
893 377 1058 426 sacuam

249 544 323 588 cum
339 522 504 605 Pompeio
520 521 651 603 collega
665 519 746 584 Cos.
761 538 814 583 an.
836 516 913 581 Chr.
937 514 1065 602 xuni.)
1088 518 1267 584 exereitum
1287 537 1337 585 re-

249 625 337 706 genti
354 623 591 705 amplissimum
604 620 813 683 commendat
827 618 1064 695 exornandum,
1080 619 1152 682 scil.
1168 620 1336 684 tribunatu

249 726 400 794 rnilitum,
414 730 503 785 uteo
517 721 651 784 functus
674 730 792 802 posset
807 725 1022 802 quaesturam,
1038 737 1079 781 nc
1094 718 1179 783 adeo
1194 721 1336 803 primum

249 823 282 886 in
298 831 418 888 senatu
434 821 582 902 gradum,
595 821 750 903 adipisci.

505 988 571 1052 An.
593 965 806 1054 canneru.
849 987 915 1051 An.
936 991 1004 1052 AEt.
1024 995 1079 1076 ᾖ.

292 1107 364 1170 Sub
378 1104 525 1189 ejusdem
541 1125 595 1169 an.
610 1107 751 1181 exitum,
767 1104 820 1168 vel
842 1125 1007 1168 summum
1030 1111 1162 1174 ineunte
1187 1128 1240 1174 an.
1261 1109 1338 1173 Chr.

251 1224 361 1272 xcix.
385 1211 443 1284 (ex
456 1208 606 1288 superius
621 1207 661 1269 de
676 1207 794 1270 Nostri
810 1207 999 1272 valetudine
1013 1209 1126 1286 dictis,
1142 1219 1177 1274 et
1194 1229 1275 1274 mox
1290 1209 1340 1273 di·

250 1309 381 1386 cendis)
406 1307 540 1372 Plinius
561 1307 741 1389 Traianum
764 1306 829 1388 Ep.
846 1321 886 1368 x.
900 1307 933 1368 1.
948 1311 1088 1389 rogavit,
1101 1320 1148 1373 *nt
1171 1311 1339 1373 civitatem

251 1409 441 1474 Romanam
468 1408 561 1472 daret
584 1407 771 1489 latraliptee
799 1406 1016 1488 Harpocran,
1042 1429 1140 1492 quem
1163 1409 1339 1492 ‘proximo

252 1530 351 1585 auno,
373 1510 573 1592 gravissima
595 1508 784 1572 valetudine
811 1527 915 1588 usque
943 1507 985 1570 ad
1012 1514 1150 1572 mortem
1177 1510 1341 1585 vexatus:

251 1616 465 1674 assumserat.
509 1608 593 1671 Item
616 1607 759 1689 rogavit,
786 1607 881 1670 daret
901 1606 974 1688 ‘jus
1001 1608 1181 1686 Qniritium
1209 1608 1340 1673 libertis

252 1706 407 1772 Antoniae
440 1708 662 1783 Maximillae,'
684 1707 882 1772 necessariae
915 1708 978 1770 sibi
1010 1709 1168 1785 foeminae,
1200 1708 1262 1790 Ep.
1282 1709 1339 1774 22.

253 1808 337 1872 Cum
360 1817 530 1893 utrumque
549 1810 725 1891 imperator
741 1808 813 1872 siue
830 1827 922 1872 mora
936 1808 1142 1882 indulsisset,
1161 1809 1340 1892 (siquidem

253 1911 398 1992 epistola
424 1912 466 1974 ad
494 1911 654 1974 Nostrum
678 1908 756 1971 ideo
781 1908 909 1990 scripta
932 1909 967 1970 in
994 1907 1056 1972 hoo
1081 1909 1248 1973 volumine
1275 1929 1340 1972 non

252 2018 415 2093 apparet)
431 2012 563 2076 Plinius
577 2009 703 2090 gratias
718 2007 824 2072 eidem
838 2008 919 2089 egit,
934 2007 998 2089 Ep.
1013 2010 1068 2072 22.
1089 2011 1189 2073 simul
1207 2027 1341 2094 rogans,

253 2117 289 2173 ut
303 2110 510 2194 Harpocrati
523 2111 690 2183 tribueret,
707 2116 742 2170 et
757 2106 1021 2171 Alexandrinam
1043 2111 1226 2187 civitatem,
1242 2117 1340 2195 atque

255 2228 360 2274 annos
389 2211 461 2294 ejus
485 2218 518 2275 et
547 2229 683 2274 censum
710 2209 838 2274 libertis
865 2208 1012 2291 Trajaui‚
1036 2212 1157 2294 quibus
1180 2211 1339 2294 jusserat,

203 2313 206 2322 '
252 2311 400 2376 mittens.
977 2361 982 2375 .

297 2409 425 2476 Annuit
448 2413 528 2495 imp.
556 2410 689 2494 apua.
713 2411 755 2475 ad
782 2411 946 2476 Nostnrm
970 2413 1108 2496 scripta,
1133 2432 1280 2490 mouens,
1305 2423 1342 2479 ut

260 2532 304 2580 en
329 2532 395 2595 quo
410 2532 508 2576 nomo
524 2512 756 2595 Harpocrates
770 2519 872 2590 esset,
894 2520 1007 2576 notum
1032 2515 1099 2577 sibi
1121 2515 1257 2590 faceret,
1279 2519 1341 2580 irc.

255 2612 356 2691 Quod
381 2614 514 2678 Plinius
540 2613 605 2697 Iip.
627 2619 661 2678 d.
683 2614 850 2697 praestitit,
875 2633 940 2696 qua
967 2622 1000 2677 et
1025 2616 1148 2694 gratias
1174 2636 1234 2698 pro
1263 2618 1343 2700 imp.

255 2715 365 2797 Epist.
387 2715 552 2798 rependit,
576 2716 695 2798 sicque
720 2713 912 2779 concludit:
945 2713 1109 2779 ‘Obviam
1135 2717 1251 2794 iturus,
1276 2737 1342 2799 quo

254 2818 414 2880 maturius
428 2815 594 2878 adventus
610 2817 659 2878 tui
681 2814 804 2894 gaudio
825 2813 888 2876 frui
911 2816 1048 2897 possim,
1069 2834 1149 2896 rogo
1168 2818 1342 2898 permittas

255 2916 347 2990 mihi,
363 2934 462 2997 quam
486 2913 676 2994 longissime
697 2931 866 2976 occurrere
891 2914 972 2977 tibi:
1015 2912 1146 2991 Quibus
1168 2935 1211 2978 ex
1234 2918 1343 2980 verbis

255 3016 431 3099 liquidum,
446 3009 532 3078 hanc
548 3014 655 3097 Epist.
671 3019 741 3077 tum
762 3013 996 3096 conscriptam,
1017 3034 1094 3079 cnm
1114 3015 1280 3098 Trajauus
1300 3017 1344 3081 ad
1446 3099 1451 3106 ἱ

255 3136 350 3181 suurn
366 3119 397 3181 in
414 3118 525 3179 urbem
540 3117 678 3180 reditum
694 3135 769 3180 sese
784 3116 979 3197 accingeret,
991 3117 1026 3179 iu
1034 3115 1216 3182 Germania
1227 3137 1344 3200 nempe

220 3209 223 3218 ’
255 3217 408 3281 Inferiori
429 3218 537 3282 adhuc
562 3217 695 3299 degens.
740 3216 790 3280 Εο
805 3219 890 3280 enim
907 3219 949 3280 ab
965 3217 1148 3298 Hispania,
1162 3219 1345 3300 imperanto

256 3318 462 3395 Domitiano,
476 3320 609 3393 missus,
625 3318 707 3380 Pan.
724 3336 798 3398 cap.
817 3332 900 3378 xlv.
925 3315 1116 3381 Germauiae
1132 3318 1343 3400 praesidebat,

257 3436 334 3480 curn
350 3418 529 3499 adoptatus
543 3424 605 3493 est,
620 3418 701 3481 ibid.
718 3437 749 3480 c.
766 3427 847 3479 vrrt.
864 3433 919 3478 rx.
940 3437 1082 3499 cumque
1104 3437 1184 3481 mox
1205 3418 1248 3481 ad
1268 3439 1343 3484 eum

256 3518 485 3599 gratulationis
500 3537 604 3582 causa
618 3519 785 3582 exercitus
809 3518 946 3582 Moesiae
971 3518 1137 3583 Inferioris
1160 3521 1252 3584 misit
1272 3521 1344 3584 Ha·

257 3621 426 3699 driauunr3
448 3620 507 3702 qui
527 3619 684 3702 deinceps
699 3621 732 3684 iu
747 3618 961 3683 Germaniam
981 3621 1186 3702 Superiorem
1207 3623 1344 3686 transla-

256 3726 321 3796 tus,
350 3737 392 3782 ex
421 3737 462 3781 ea
490 3717 650 3782 festinans
679 3720 721 3783 ad
749 3719 942 3802 Trajanum,
965 3728 1003 3783 nt
1031 3723 1156 3802 primus
1181 3723 1345 3786 nuntiaret

258 3801 434 3884 excessum
458 3819 596 3895 Nervae,
620 3839 641 3886 a
664 3820 828 3885 Serviano
852 3821 972 3883 sororis
996 3824 1069 3884 viro
1093 3822 1150 3886 diu
1177 3821 1344 3897 detentus,

258 3921 398 4007 pedibus
419 3922 480 3985 iter
501 3921 640 3996 iaciens,
654 3920 806 4003 ejusdem
821 3920 972 3996 Serviani
989 3920 1236 3986 beneficiarium
1252 3928 1345 3984 ante·

259 4021 375 4098 vertit‚'
411 4028 494 4086 teste
534 4020 737 4106 Spartiano.b
780 4020 912 4084 Deinde
942 4020 1107 4105 TraJanus
1146 4023 1346 4106 ‘imperator

691 4153 703 4189 r
720 4153 750 4204 ln
765 4153 847 4204 narr.
859 4167 882 4203 c.
894 4139 928 4204 a'
