3112 4852
550 363 831 418 rrunernrcus.
877 364 903 412 1.
925 347 979 414 28.
1245 347 1311 414 207
1378 385 1382 390 -

213 535 313 603 quam
327 513 477 600 populus
489 513 632 596 accepit.
669 513 700 576 4.
723 510 832 575 Panlo
844 508 964 587 minue,
976 506 1094 572 Patres
1107 504 1308 592 Conscripti;

214 620 363 703 quinque
378 615 484 680 millia
499 617 719 694 ingenuorum
729 621 744 647 ¹¹
769 611 912 687 fuerunt,
928 629 1004 692 queo
1023 609 1207 673 liberalitas
1221 611 1309 692 prin-

214 721 300 802 cipis
330 717 434 781 nostri
460 716 678 797 conquisivit,
706 715 839 791 invenit,
865 711 996 776 ascivit.
1042 709 1092 774 Hi
1122 711 1311 777 subsidium

213 820 390 895 bellorum,
416 823 643 880 oruamentum
664 816 774 899 pacis,
799 813 946 896 publicis
970 811 1132 875 sumtibus
1157 814 1311 895 aluntur3

213 921 434 1004 patriamque,
459 937 527 981 uon
547 927 585 980 ut
612 916 754 998 patriam
780 919 920 990 tentum,
945 931 1061 977 verum
1087 920 1125 976 ut
1150 913 1312 992 altricem,

215 1041 326 1086 amare
341 1019 551 1084 condiscunt.
594 1019 627 1082 5.
651 1017 706 1080 Ex
721 1017 774 1080 his
797 1021 921 1092 castre,
937 1034 981 1078 ex
996 1014 1048 1077 his
1072 1014 1188 1091 tribus,
1204 1015 1311 1098 reple-

214 1127 359 1203 buntur3
392 1140 437 1185 ex
462 1121 515 1184 his
539 1117 745 1204 quandoque
771 1124 965 1193 nascentur,
989 1116 1111 1198 quibus
1141 1114 1313 1181 alimentis

216 1243 384 1309 opusuon
400 1223 456 1286 sit.
501 1221 532 1284 6.
577 1220 668 1284 Dent
691 1219 764 1296 tibi,
788 1217 914 1296 Caesar,
938 1217 1088 1281 aetatem¹
1119 1216 1190 1292 Dii,
1213 1236 1315 1299 quam

216 1326 363 1400 mereris,
387 1328 589 1403 serventque
616 1321 773 1396 animum,
797 1338 898 1401 quem
922 1318 1099 1382 dederunt:
1132 1325 1165 1382 et
1187 1325 1315 1403 quanto

217 1427 377 1510 majorem
392 1422 566 1487 infantium
582 1424 710 1486 turbam
732 1421 849 1484 iterum
864 1419 1051 1501 iterumque
1069 1418 1208 1500 jubebis
1230 1421 1316 1486 iuci-

219 1529 253 1592 di
264 1528 296 1592 tv
328 1529 360 1590 7.
383 1523 534 1607 Augetur
550 1523 635 1586 eninr
649 1521 810 1605 quotidie,
825 1528 857 1587 et
873 1520 1017 1601 crescit3
1040 1540 1118 1596 non,
1134 1521 1216 1603 quia
1232 1525 1317 1588 cari·

219 1647 297 1694 ores
312 1627 506 1711 parentibus
517 1625 628 1704 liberi,
644 1624 702 1688 sed
719 1625 796 1706 quia
812 1622 959 1707 principi
969 1621 1071 1688 cives.
1116 1622 1224 1688 Dabis
1240 1643 1315 1690 cou-

250 1834 258 1867 ¹
269 1835 401 1898 [auguror
410 1849 492 1887 uuuor.

672 1961 854 1983 nanneten

219 2092 417 2144 oscicitexhibet
424 2093 526 2156 adurit,
536 2107 586 2155 non
595 2092 856 2144 maie.'Sebworz.—o
868 2093 932 2142 Haec
942 2093 1030 2155 verbo,
1037 2108 1069 2142 ex
1078 2092 1116 2142 bis
1127 2092 1212 2156 tribur,
1222 2091 1317 2142 desunt

219 2161 246 2208 in
258 2159 419 2221 (iscipu—6
436 2158 489 2207 ‘Et
504 2158 604 2221 quanto]
622 2157 773 2222 Inquiuarit
784 2158 826 2206 bic
838 2159 1008 2207 Cellarieuam
1027 2158 1168 2206 editionem
1187 2159 1317 2220 mendum,

220 2225 280 2272 dnm
290 2233 337 2286 p'ro
348 2226 517 2285 quantaquou
527 2223 585 2272 cod.
595 2223 679 2272 Meet
691 2221 844 2271 ceteri'iibri
854 2223 971 2285 impressi
983 2239 990 2284 ;
1003 2230 1099 2286 prseter
1108 2223 1320 2271 Bouborniauum

219 2289 325 2344 habeut,
338 2287 451 2350 positum
463 2293 513 2349 est,
524 2289 632 2350 quondo.-
650 2289 718 2351 quod
730 2287 886 2336 monendum
898 2287 1027 2348 duximus,
1037 2283 1095 2338 cirm
1110 2287 1171 2336 iude
1188 2289 1319 2336 sententia

220 2353 301 2402 Plinii
320 2352 451 2413 turbetur,
468 2361 514 2400 eut
531 2361 603 2402 certe
620 2351 782 2408 obscuretur,
799 2352 963 2400 Bouboruins
979 2353 1057 2412 enirn,
1068 2351 1112 2416 qui
1125 2353 1195 2400 unito
1207 2367 1265 2402 usus
1278 2361 1320 2401 est

221 2417 312 2467 codice
324 2429 401 2464 maun
412 2424 527 2477 exarato,
537 2417 628 2465 saltem
645 2430 679 2464 ex
698 2417 800 2480 ingenio
812 2417 941 2475 mutarit3
959 2417 1008 2465 nisi
1021 2421 1105 2479 putes,
1117 2424 1230 2465 erratum
1243 2425 1319 2481 typo·

221 2482 371 2544 graphicum
389 2495 456 2529 esse·
489 2482 550 2530 Non
567 2481 643 2543 pauci
661 2481 721 2530 iibri
740 2495 786 2544 pro
810 2481 890 2529 verbo
908 2481 1000 2529 videbis
1017 2480 1112 2529 babent
1126 2479 1228 2538 jubere.
1263 2482 1319 2530 iuro

221 2545 393 2607 cuspinianus
405 2545 442 2592 sic
453 2545 534 2604 legit:
552 2549 639 2606 quanto
648 2545 759 2604 murrum
770 2545 898 2602 insontium
910 2545 1002 2592 turbam
1012 2544 1100 2592 iterum
1111 2550 1179 2606 utque
1190 2544 1276 2594 iterum
1283 2547 1320 2594 υἰ-

220 2610 296 2673 debis,
309 2609 403 2669 jubebis
419 2609 501 2657 incidi.
535 2609 682 2657 Gudiauum
700 2609 832 2670 exemplar
849 2611 967 2670 alterum,
988 2621 1035 2670 pro
1053 2608 1092 2656 his
1108 2609 1214 2656 vocibus
1227 2608 1321 2668 jubebis

221 2674 308 2734 incidi,
324 2673 433 2736 margini
451 2671 592 2736 ascriptum
610 2672 749 2735 referebat,
765 2672 857 2721 uidebis
871 2673 898 2720 iu
915 2672 985 2721 diem.
1019 2672 1153 2720 Nonnihil
1169 2674 1320 2722 mutandum

222 2751 374 2798 censemus3
392 2737 520 2800 particula
534 2741 559 2786 et
575 2741 654 2798 auget
672 2737 722 2785 viru
739 2736 916 2784 admirationis
930 2744 958 2784 et
971 2735 1182 2784 exclamationis)
1199 2737 1321 2786 Scbwurz.

220 2811 228 2832 ⁴
244 2803 303 2851 Non
315 2817 364 2865 ego
376 2802 449 2865 potui
462 2817 478 2850 a
488 2815 529 2850 me
541 2801 692 2862 impetrare,
704 2807 733 2848 ut
749 2815 840 2849 renum
850 2800 918 2848 huuc
930 2801 1015 2849 iocum
1028 2798 1181 2849 crederem!
1198 2801 1321 2850 Heumuu.

222 2874 229 2896 ¹
240 2867 317 2916 Hunc
327 2868 413 2916 locum
426 2881 514 2916 sanum
527 2871 556 2914 et
567 2866 629 2916 satis
642 2865 746 2928 pianum
759 2871 931 2928 corruperunt
942 2873 995 2914 tem
1007 2864 1115 2925 librarii,
1124 2879 1200 2929 quem
1208 2865 1268 2914 edd.
1278 2867 1321 2930 qui

222 2931 264 2980 lric
288 2931 462 2995 quaesiverunt
485 2930 618 2992 prothesis
641 2939 669 2978 et
692 2931 826 2993 epodosiu.
859 2930 953 2994 Itaque
976 2929 1039 2978 alius
1060 2938 1146 2993 quanto
1165 2931 1276 2980 mutsvit
1294 2931 1322 2980 in

221 2999 323 3059 quondo,
335 3002 363 3043 ut
373 2995 440 3044 dubis
450 2996 599 3057 congiarium
618 2994 653 3044 sit
667 2996 798 3057 epodosis,
819 2996 904 3044 verbis
922 2995 1070 3055 augetur'...
1081 2996 1144 3044 cives
1162 3008 1210 3056 per
1231 3010 1323 3058 poren-

226 3059 312 3108 thesin
325 3060 435 3122 adjectis
448 3061 538 3110 nalum
557 3059 666 3112 inseruit
686 3059 776 3108 uidebis
795 3059 843 3106 boc
860 3058 951 3106 modo:
969 3062 1056 3121 quanto
1073 3059 1322 3118 mqy'oremiufcntium

222 3123 316 3172 turbam
327 3125 414 3172 iterum
424 3129 493 3186 utque
504 3123 590 3171 iterum
598 3123 688 3171 uidebis
699 3123 785 3185 (tento
795 3120 1031 3184 majorem)jubebir
1039 3122 1122 3172 incidi.
1141 3121 1193 3170 Alii
1201 3122 1323 3186 denique,

224 3191 250 3237 iu
263 3188 354 3251 quibus
367 3188 509 3246 Gesnerue,
520 3189 615 3236 omisso
624 3185 767 3248 rqijubebie,
778 3187 944 3234 retinuerunt
956 3199 1033 3234 unum
1043 3184 1140 3233 uidebis.
1170 3184 1221 3233 Sed
1234 3200 1322 3236 reruru

224 3253 290 3301 vidit
309 3251 446 3302 Schuetz!
463 3252 559 3312 Gierig.
591 3249 659 3298 Vide
678 3251 756 3299 Nott.
775 3251 900 3298 vern—⁷
919 3249 950 3298 In
971 3249 1058 3297 multis
1074 3249 1136 3296 edd.
1152 3249 1243 3298 Catun.
1259 3247 1321 3300 Aur.

223 3317 299 3369 Junt.
311 3317 340 3365 R.
352 3317 444 3379 Stepb.
455 3315 574 3364 Sieberd.
591 3315 722 3362 Boxbnrn.
739 3315 855 3362 Petnrol.
867 3316 899 3362 al.
912 3315 967 3362 brec
978 3313 1066 3368 verbu,
1078 3312 1190 3374 Augetur
1200 3315 1272 3376 enirn,
1283 3318 1323 3374 dc.

224 3395 306 3444 usque
318 3381 349 3428 ad
354 3381 458 3444 principi
469 3381 539 3436 noer,
553 3379 632 3442 siguis
641 3375 800 3442 παρενθέσεως
810 3378 993 3438 includuntur3
1010 3392 1069 3442 quse
1080 3377 1154 3440 sigua
1164 3393 1223 3427 vero
1233 3380 1323 3428 recen-

226 3445 293 3494 tiora
310 3446 394 3494 uultus
414 3443 497 3493 codex
515 3445 639 3504 agnoscit.
673 3445 773 3493 ‘Seruo
784 3458 833 3506 ego
844 3444 997 3505 scripturam
1009 3442 1123 3491 omnium
1135 3443 1211 3492 codd.
1224 3450 1251 3493 et
1263 3443 1323 3492 edd.

224 3511 402 3572 piurimerum,
414 3508 490 3557 modo
508 3508 586 3558 verba
606 3509 651 3558 illa
670 3509 707 3557 ita
722 3509 869 3572 parenthesi
885 3508 1078 3571 distinguantur
1090 3506 1161 3572 (quur
1173 3509 1321 3572 ceteroquin

224 3573 324 3640 aliquus
336 3575 458 3624 tenebras
468 3571 611 3638 offundunt,
623 3580 696 3624 certe
708 3575 741 3624 cl.
753 3574 907 3623 Heuurenno
919 3573 1040 3623 videntur
1052 3569 1208 3623 offendiculo
1219 3571 1324 3637 fuisse,)
1371 3585 1373 3591 ’

722 3800 831 3852 NOTAE

259 3945 270 3970 ⁸
286 3935 457 3998 Iugenuorum]
482 3935 595 3998 Ingenui
617 3940 687 3995 sunt,
710 3934 754 3997 qui
796 3938 872 3996 patre
883 3945 959 3980 servo
971 3935 999 3980 et
1010 3935 1092 3979 matre
1104 3928 1195 3977 libers.

226 4014 315 4062 stetim
327 4019 356 4062 ut
366 4013 420 4060 uati
428 4017 501 4073 sum,
513 4011 589 4060 liberi
602 4018 678 4070 suut3
700 4011 754 4060 sire
826 4016 839 4041 v
855 4006 945 4071 lucidi]
964 4006 997 4055 In
1019 4005 1050 4054 iis
1069 4004 1174 4066 tabuiis,
1192 4004 1236 4054 ubi
1248 4011 1322 4055 erunt

228 4099 367 4138 nascautur
383 4103 415 4137 err
435 4087 534 4136 duobus
545 4086 681 4149 ingenuis3
700 4087 755 4137 sire
796 4099 883 4134 eorum
896 4083 1007 4147 uomina,
1016 4081 1060 4146 qui
1072 4079 1203 4144 congiario
1210 4080 1324 4131 donandi

228 4178 261 4212 ex
272 4179 323 4214 uuo
338 4164 452 4226 ingenuo
471 4170 498 4212 et
516 4163 599 4212 attero
616 4163 757 4218 libertino:
797 4170 883 4212 erent.

228 4239 284 4288 sive
306 4255 339 4289 ex
361 4238 462 4289 duobus
485 4238 631 4300 libertinis;
648 4239 702 4289 sire
724 4253 756 4289 ex
