3088 4848
280 403 346 470 aen
649 415 682 463 c.
707 411 829 464 curun
854 411 1020 465 sacunnr

281 561 390 637 cedis,
419 566 454 626 et
479 557 633 623 vinceris.
676 559 710 622 2.
733 557 800 630 Ita,
827 555 919 638 quod
949 555 1055 618 lando
1079 553 1282 634 inauditnm,
1302 576 1381 624 cnm

281 665 450 748 princeps,
473 671 508 724 et
535 661 700 744 principis
719 661 862 736 amicus,
887 659 1025 722 diversa
1048 659 1192 733 velletis,
1207 660 1242 722 id
1267 662 1382 741 potios

280 766 488 836 factumest,
505 762 740 846 quodamicns
757 760 901 824 volebat.
947 759 978 823 0
994 779 1062 824 rem
1080 761 1248 825 memoriae
1260 761 1383 826 literis-

280 885 347 950 que
363 863 602 928 mandandam!
627 863 830 928 Praefectum
847 858 1023 944 praetorii*
1047 881 1114 925 non
1139 881 1184 926 ex
1206 863 1383 944 ingerenti·

280 967 357 1043 bue,
372 965 431 1030 oed
447 983 492 1030 ex
507 962 809 1040 subtrahentibus!
825 963 946 1046 legere,
961 963 1171 1047 eundemque
1186 964 1269 1038 otio,
1289 963 1381 1048 qnod

280 1067 498 1152 pertinaciter
518 1074 618 1139 amet,
642 1064 802 1144 reddere;
825 1083 971 1146 cumque
985 1066 1033 1128 sis
1048 1065 1122 1147 ipse
1137 1064 1303 1128 distentus
1318 1067 1381 1129 im·

281 1170 368 1255 perii
383 1170 487 1241 curis,
504 1187 570 1231 nou
590 1167 716 1249 qnietis
730 1165 870 1248 gloriam
885 1166 1043 1248 cuiquam
1065 1165 1227 1230 inridere.
1270 1167 1303 1230 3.
1319 1167 1381 1230 Ἰη-

280 1272 475 1352 telligimns,
492 1268 617 1343 Caesar,
632 1275 797 1353 quantum
813 1268 874 1331 tibi
889 1288 952 1350 pro
967 1268 1139 1332 laboriosa
1154 1269 1222 1332 ista
1237 1269 1381 1334 statione
1433 1347 1438 1354 Ι

281 1379 315 1437 ct
327 1372 476 1436 exercita
492 1371 695 1450 debeamus;
711 1391 787 1434 oum
801 1372 903 1433 utinm
917 1390 938 1433 a
949 1379 995 1444 te,
1005 1377 1161 1452 tanquam
1173 1389 1226 1434 res
1238 1371 1382 1452 optima,

280 1481 316 1537 et
331 1478 474 1556 petatur,
488 1479 521 1534 et
536 1471 645 1535 detur.
690 1471 802 1548 Quam
818 1491 883 1551 ego
898 1471 1001 1534 audio
1022 1468 1267 1534 confusionemi
1291 1477 1382 1538 tuam

278 1575 394 1648 scisse,
412 1591 486 1637 cnm
501 1573 740 1654 digredientem
764 1572 1030 1654 prosequereris!
1054 1571 1259 1635 Prosecutus
1279 1574 1380 1646 enim,

279 1695 340 1740 nec
354 1676 552 1757 temperasti
572 1674 646 1747 tibi,
663 1693 731 1755 qno
754 1675 865 1737 minus
880 1675 1019 1736 exeunti
1034 1673 1069 1735 in
1081 1671 1191 1736 littore
1205 1674 1381 1755 amplexus

279 1777 433 1842 osculnm
448 1775 562 1840 serres.
606 1778 646 1838 4.·
664 1775 765 1839 Stetit
779 1775 901 1840 Caesar
919 1776 954 1839 in
969 1775 1029 1838 illa
1044 1774 1204 1838 amicitiae
1220 1771 1382 1856 speculo,j

279 1885 510 1960 precatusque
534 1877 652 1955 muria,
676 1877 894 1960 celeremque,
914 1877 945 1940 si
972 1883 1084 1940 tamen
1107 1877 1182 1958 ipse
1205 1875 1380 1950 voluisset,

307 2035 324 2079 Ι
337 2039 394 2087 Noa
405 2053 476 2088 mum
484 2053 516 2088 ec
526 2039 557 2089 iir
568 2039 644 2104 quire
654 2039 794 2101 etinctum,
804 2039 925 2090 redeaiir
936 2039 977 2102 qui
986 2038 1143 2088 meriture
1152 2037 1292 2087 eciderunt.

738 2164 923 2186 ‘euoenon‘

279 2253 328 2298 -2
346 2248 411 2298 cod.
424 2249 518 2298 Pater.
530 2256 557 2298 et
569 2251 634 2298 Ere.
643 2248 720 2298 Voss.
732 2250 768 2297 itu
776 2251 857 2312 potiar
865 2250 960 2308 suctum
971 2257 1016 2300 ert.
1049 2251 1124 2311 Mox,
1135 2233 1292 2300 Arntaenius
1303 2266 1382 2302 anno·

279 2315 356 2373 terit,
368 2313 393 2360 in
405 2316 463 2361 cod.
475 2313 589 2375 Guelpb.
601 2314 664 2375 legi,
674 2329 705 2361 ec
717 2313 879 2373 ingerentibus
886 2329 920 2368 re,
933 2329 1007 2376 qnam
1019 2315 1156 2364 lectionem
1168 2317 1301 2377 amplexor
1312 2326 1382 2366 erret
1462 2369 1466 2382 ,

278 2377 408 2426 bebecre.
420 2378 442 2425 ri
455 2380 480 2424 in
490 2377 535 2425 illo
547 2386 593 2424 unt
604 2377 631 2425 in
643 2379 690 2426 rlio
700 2377 790 2424 codice
802 2377 1025 2438 deprebendirret.
1058 2381 1182 2428 Ceterum
1195 2393 1284 2428 omnes
1301 2380 1380 2433 codd.

278 2455 327 2503 pro
349 2455 388 2502 ex,
409 2450 471 2489 unte
490 2441 658 2504 participium
675 2440 875 2497 rubtrclreatiiur,
894 2441 989 2490 liabent
1005 2457 1026 2491 e.
1068 2443 1179 2505 Deinde,
1197 2457 1285 2491 ornnes
1305 2445 1381 2494 codd.

279 2505 430 2564 Schwarcii,
445 2508 559 2568 itemque
571 2506 629 2554 edd.
642 2505 811 2567 antiquiores,
822 2513 849 2553 et
862 2507 991 2554 recentior
1003 2505 1093 2555 Arate.
1109 2507 1205 2555 habent
1223 2523 1291 2569 quem
1306 2509 1381 2570 pcrti-

277 2569 373 2618 rrecit'er'
382 2575 464 2627 nmet5
480 2571 547 2618 trude
560 2570 687 2618 Sclrwnra.
699 2569 767 2632 conj.
779 2584 846 2631 quem
855 2585 879 2631 p.
888 2584 959 2618 omre.
985 2571 1037 2619 Pro
1046 2571 1159 2631 glorium,
1169 2571 1237 2618 idem
1249 2571 1383 2621 Suburam.

276 2633 350 2682 malit
359 2634 483 2694 graium
498 2633 589 2682 Arata.
598 2635 687 2695 glorio,
698 2634 724 2681 iu
736 2647 798 2682 casu
809 2639 942 2683 nexta—³
954 2634 1038 2682 Codd.
1051 2635 1110 2682 Vnt.
1121 2639 1147 2684 4.
1160 2635 1273 2697 Guelpb.
1285 2636 1388 2690 Venet.

277 2701 302 2747 1.
315 2700 407 2747 Pater.
419 2705 447 2746 et
462 2698 532 2746 Gnd.
544 2703 569 2746 2.
580 2699 690 2746 intonet
702 2698 880 2747 exercitatione.
897 2699 905 2726 ‘
918 2699 951 2746 Et
965 2704 1071 2760 petetur,
1085 2704 1108 2748 et
1125 2699 1206 2761 detur]
1225 2700 1313 2748 Proba
1323 2701 1381 2749 bec

276 2761 370 2822 lectlo;
389 2776 448 2826 queo
460 2763 644 2825 inquinataert
657 2762 682 2809 in
694 2762 785 2810 codice
797 2761 892 2810 Saliab.
905 2769 932 2810 et
944 2777 1011 2822 meo,
1028 2763 1071 2810 ubi
1091 2771 1174 2818 extat,
1191 2769 1339 2827 expectatam,
1356 2769 1381 2812 et
1434 2767 1440 2778 '

276 2827 358 2874 datur.
394 2825 446 2874 Sed
466 2825 665 2887 Saliabnrgiensi
684 2825 734 2873 nlla
752 2839 840 2873 manue
853 2826 909 2889 jam
927 2827 1053 2874 veriorem
1073 2828 1228 2890 scripturam
1250 2829 1382 2876 restituit?

276 2887 397 2938 ucnwm.
430 2889 505 2948 Mox,
515 2890 572 2938 cod.
586 2891 677 2937 Petav.
689 2897 717 2936 et
729 2891 792 2938 Euo.
801 2890 876 2938 Voss.
884 2890 1051 2949 consentaneae
1062 2895 1135 2941 tumn.
1167 2891 1281 2946 Deinde,
1293 2893 1380 2943 Prore-

273 2958 344 3000 cutur
354 2967 406 3000 eum
417 2967 460 3001 arc
471 2954 606 3014 temperarit
617 2953 776 3000 cod.Vcnet.
788 2957 810 3003 Ι.
835 2954 966 3002 Livineius
978 2955 1078 3002 notarit
1090 2956 1115 3003 in
1127 2957 1251 3017 margine,
1263 2957 1380 3004 Prosecu-

275 3021 316 3064 tur
327 3016 390 3064 enim
400 3031 424 3064 cr
434 3031 443 3071 ,·
459 3017 543 3064 Barrn.
556 3015 638 3064 edidit
649 3017 792 3064 Prosecutus
803 3031 827 3063 er
837 3018 908 3064 enim.
941 3017 972 3065 lu
987 3018 1201 3068 antecedentibus
1212 3019 1297 3068 verbio
1307 3021 1383 3070 van.

277 3083 301 3128 l.
314 3083 339 3128 a.
350 3083 374 3128 4.
386 3087 412 3126 et
425 3079 536 3142 Gnelpb.
546 3079 653 3136 babent,
664 3095 715 3128 cum
728 3082 752 3128 d.-
763 3081 917 3143 prorequerir.
941 3081 1025 3131 Codd.
1038 3083 1099 3131 Vat.
1110 3087 1134 3132 4.
1151 3083 1266 3146 Gnelpb.
1283 3085 1379 3134 salisb.

276 3151 304 3192 et
316 3144 487 3193 Schwarrian.
497 3159 539 3194 nec
548 3151 572 3192 lc
581 3145 701 3206 imperanti
713 3145 775 3200 libi,·
792 3146 913 3193 nicetium
926 3146 1011 3194 Paria.
1023 3148 1116 3195 oraturo
1128 3154 1213 3196 tamen
1226 3150 1380 3210 pronomine

274 3207 339 3264 tibi,-
351 3215 379 3256 at
390 3210 453 3257 Ero.
466 3208 538 3257 Voce.
548 3223 590 3257 uec
600 3209 722 3271 imperasti
731 3209 783 3257 titi.
806 3210 937 3272 Denique,
946 3211 1062 3258 Patarol.
1070 3212 1241 3274 iuterpnngit,
1249 3215 1379 3275 amplexae,

275 3273 380 3320 errulum
391 3273 473 3329 serrer
480 3287 490 3329 ,·
507 3273 598 3322 Helua.
616 3273 686 3336 conj.
701 3275 823 3334 amplecter
838 3279 863 3322 et
880 3274 982 3322 osculum
993 3274 1090 3333 ferrer;
1107 3276 1234 3325 Sclrerarr.
1245 3277 1380 3338 amplerum

275 3335 422 3396 orculumque
435 3336 574 3394 ferrea-4
591 3337 674 3385 Codd.
692 3337 784 3385 salisb.
802 3345 829 3385 et
846 3338 1016 3386 Schwarriao.
1033 3345 1181 3402 opertumque
1198 3341 1293 3397 maria,-
1310 3340 1379 3389 unde

275 3398 434 3448 Scbwarzins
447 3401 516 3462 conj.
526 3401 599 3450 Stetit
613 3402 642 3452 C.
654 3401 679 3449 iu
690 3401 707 3448 i.
718 3415 741 3449 u.
752 3402 855 3464 apecula,
868 3407 984 3464 rpectunr,
1000 3410 1154 3466 precaturque
1171 3404 1258 3468 marin,
1267 3407 1308 3468 qe.
1328 3404 1377 3466 vel,

672 3517 674 3521 ’
771 3544 879 3594 nona
909 3591 911 3596 .

289 3635 319 3704 ,¹¹
337 3635 482 3698 Profectum
499 3639 622 3703 pretorii]
646 3640 673 3688 le
694 3646 805 3703 praeerat
846 3639 893 3688 bur
916 3642 978 3691 viria
999 3643 1173 3706 eligebantur.
1211 3643 1299 3692 Tanta
1320 3652 1377 3692 erut

274 3712 407 3769 militibnr,
424 3727 488 3775 quor
500 3715 642 3778 imperator
653 3715 685 3764 ad
697 3715 736 3764 eni
748 3730 804 3764 cnr·
845 3730 934 3765 eornm
954 3721 1095 3768 auctoritas
1108 3727 1137 3768 ut
1153 3718 1187 3768 ab
1199 3718 1230 3767 iir
1249 3721 1377 3782 appellari

273 3789 372 3840 todiam
390 3789 525 3853 allegerat.
565 3790 617 3844 Qui
638 3791 804 3855 magistratur
845 3805 896 3841 non
909 3801 1004 3854 poscet.

273 3863 306 3913 ab
328 3863 448 3926 Augusto
469 3864 616 3920 inrtitntne,
637 3867 767 3916 stabilitur
788 3882 814 3916 a.
878 3867 1080 3931 idomeneum]
1097 3870 1156 3918 Vox
1179 3867 1301 3934 frequens
1324 3884 1375 3920 non

271 3939 395 4000 Tiberim
412 3939 517 3990 tandem
533 3942 730 3991 rConrteotiuo
743 3941 802 3990 snb·
843 3943 919 3992 modo
931 3945 999 4006 aputu
1014 3945 1137 4006 Plinium,
1157 3945 1203 3993 aed
1221 3944 1291 4008 epod
1312 3945 1374 3994 alios

271 4016 805 4081 latuerat,cumpraetorianiproMaxeu·
844 4020 911 4068 illiue
940 4020 1064 4084 temporie
1093 4020 1246 4084 urriptorer,
1270 4035 1318 4084 pro
1344 4035 1375 4072 eo

272 4089 310 4138 tio
328 4097 420 4140 contra
438 4091 521 4154 iprum
542 4092 684 4140 rtetiareut.
718 4091 753 4139 Hi
771 4106 804 4140 err
845 4094 914 4158 quod
926 4102 967 4144 eat
983 4095 1132 4145 ‘tristitia'

273 4164 405 4225 equitibur
416 4166 538 4231 primum,
551 4173 605 4216 tum
621 4167 700 4216 etiam
716 4181 749 4215 ex
765 4181 804 4216 ae·
873 4169 882 4217 l
899 4170 1022 4220 Amicitiae
1032 4169 1139 4234 specula]
1156 4170 1188 4221 In
1204 4171 1294 4221 littore
1310 4169 1377 4220 mni·

273 4238 415 4296 uctoribnr,
433 4249 512 4307 utque
528 4241 595 4294 adeo
610 4257 645 4293 ex
663 4242 804 4294 correulari·
844 4245 971 4304 nentiore,
992 4247 1076 4312 inquit
1095 4242 1208 4312 bipiiur,
1226 4245 1295 4296 unde
1311 4245 1374 4296 ami·
