3050 4842
466 376 519 428 AD
542 375 825 426 nauuovutotttt
849 375 983 426 rututt.
1208 361 1274 432 415

175 515 408 584 (laelplrerbytaui.
440 518 531 570 Quid?
542 519 611 583 quod
624 531 674 568 non
687 518 729 568 bie
739 519 808 568 solus
819 517 913 574 codex,
923 517 1010 567 sedet
1024 515 1129 579 plurimi
1142 515 1196 577 ulii,
1212 531 1274 580 quoa

174 599 303 660 consului,
321 598 435 662 produnt
451 599 561 648 eandem
579 598 831 648 rocemrmisisterio.
863 597 938 646 Solos
952 595 1134 662 tantummodo
1147 595 1282 666 Srrlisbnr·⁴

175 679 262 740 gensis
278 686 308 728 et
325 679 469 728 Palatinus
486 677 586 727 babent
600 678 726 736 misteriu,·
746 693 856 742 proquo
869 677 895 726 in
909 675 1098 738 Salisburgensi
1115 676 1166 724 alia
1183 673 1280 726 manos-

173 758 282 822 antiqua
293 759 418 822 apposnit
428 757 551 821 mysteria
584 757 717 808 Laudatus
734 756 891 806 Arntaenius
902 770 1012 828 operose
1023 762 1131 806 conatus
1142 762 1182 804 est
1192 757 1276 806 mirsia·

172 829 236 886 teria
246 838 379 888 vindicare
391 838 477 888 Plinio
487 853 494 886 r
511 837 609 900 ‘uota
620 837 727 902 aneso,'
737 839 829 903 inquit,
841 837 897 890 ‘ad
904 837 1029 908 principis
1039 829 1165 890 'mensum¹
1174 835 1277 887 faciunt

173 919 299 981 sennem,
309 933 367 982 quae
380 931 456 966 asora
466 931 514 966 sua
530 917 647 967 horribili
659 925 761 968 secreto
778 918 915 982 tegebant,
927 932 978 967 non
995 931 1057 967 rero
1069 919 1179 967 ourniurn
1191 913 1273 968 oculis

173 998 340 1060 exponebant
349 999 365 1046 i·
393 996 449 1047 Ant
463 998 522 1062 ouis
537 999 600 1047 talia
612 1014 721 1062 unquam
734 999 767 1048 ad
780 998 906 1062 principis
917 998 1064 1048 convivium
1076 997 1193 1046 adbtbtts
1204 989 1274 1047 com·

172 1077 344 1128 memorarit?
377 1077 518 1127 Blanditnr
529 1077 616 1136 ralde,
626 1085 653 1127 et
664 1080 750 1142 unice,
762 1079 788 1128 ni
805 1077 892 1142 fallor,
912 1092 973 1126 vera
986 1085 1026 1128 est
1043 1078 1175 1141 scriptura
1186 1077 1275 1128 Guelf.

169 1157 305 1218 peregrim
321 1157 497 1220 superstitionis
511 1158 644 1208 ministerio
652 1174 663 1216 ,·
682 1165 711 1206 ut
726 1174 774 1222 per
791 1172 835 1208 eos
852 1171 941 1208 servos
953 1158 1119 1222 AEgyptiacos
1130 1166 1158 1208 et
1169 1159 1274 1208 delicias

173 1235 272 1286 domini
283 1237 476 1302 intelligamus!
509 1239 615 1295 Verum,
627 1239 740 1289 noudum
750 1239 836 1288 induci
846 1253 958 1301 possum,
969 1246 998 1288 nt
1007 1239 1145 1288 lectionem
1153 1246 1274 1288 constan·

172 1317 273 1366 tissime
294 1319 425 1381 vulgatam
439 1325 468 1368 et
486 1319 622 1380 eximiam,
635 1320 758 1384 nullaque
774 1318 958 1370 emendatione
973 1317 1133 1381 indigentem
1144 1319 1273 1370 deserum

172 1399 335 1448 Vocabulum
347 1400 482 1448 saiabters'a
502 1414 549 1462 pro
566 1399 630 1462 ipsis
648 1401 656 1428 ‘
669 1399 811 1450 ministris’
829 1400 913 1462 arcipi
925 1413 1011 1463 posse,
1022 1399 1061 1468 nti
1072 1397 1213 1448 ‘servitis'
1224 1411 1279 1462 pro¹

172 1475 294 1538 {serrisss
304 1478 409 1528 omnino
421 1492 463 1528 rea
471 1478 605 1530 tritissima
618 1484 670 1541 est,
680 1486 707 1529 et
719 1479 797 1530 otiosi
808 1478 906 1542 ingenii
917 1492 999 1542 opera
1008 1477 1086 1535 foret,
1096 1477 1152 1540 ejus
1162 1477 1199 1534 rei
1208 1478 1273 1540 ntul-

169 1557 342 1608 tremuere
354 1557 421 1606 relle
433 1557 591 1607 testimonia.
623 1559 720 1622 Neque
731 1545 831 1622 ignoro,
843 1557 1010 1607 delicatiores
1021 1557 1150 1606 Romanos
1166 1547 1273 1607 constin-

169 1635 238 1686 risse
248 1649 342 1699 pueros
354 1636 546 1686 Alexandrinos
557 1645 583 1686 et
597 1637 711 1686 Niliacos
722 1651 755 1686 ex
764 1631 1149 1705 AEgyptmsuperstitiosissima
1157 1637 1274 1699 natione,

169 1714 222 1766 sibi
234 1729 342 1778 parerer
362 1722 390 1766 at
407 1729 474 1778 nego
490 1715 536 1764 laos
553 1730 642 1766 servos
659 1715 692 1764 ad
705 1729 819 1766 mensam
831 1718 1005 1774 ministrantes
1013 1717 1148 1780 peregrino
1158 1715 1272 1780 supersti-

170 1792 244 1852 tiosis
254 1794 389 1846 ninbtuiu
400 1803 471 1844 recta
483 1794 535 1845 dici
545 1809 620 1859 posse
631 1810 709 1860 ,oum
719 1811 769 1860 per
780 1797 910 1846 ministros
923 1799 1069 1862 peregrina
1081 1795 1278 1862 superstitionis

169 1872 350 1936 designentur,
367 1887 417 1922 non
434 1873 452 1922 ii
464 1872 511 1937 qni
521 1888 626 1934 mentre,
642 1873 688 1924 sed
706 1875 750 1938 qui
762 1875 907 1938 peregriua
924 1876 1104 1940 superstitioni
1115 1877 1275 1936 ministrant,

170 1952 196 2000 b.
212 1965 235 2000 e.
251 1959 280 2002 ut
293 1953 432 2002 Suetonius
443 1953 559 2018 loquitur
569 1955 596 2004 in
608 1955 762 2006 Domitiano
773 1970 831 2018 cap.
843 1960 867 2004 1.
882 1946 1039 2006 ‘sacrificuli
1057 1970 1130 2006 ranae
1147 1954 1283 2022 superatis,

170 2031 268 2082 tionis.’
301 2031 389 2096 Aturia
411 2033 485 2088 adeo.
506 2033 561 2084 sire
578 2035 737 2085 Artnsanius
757 2037 828 2099 legat
846 2035 990 2098 ministerio,
1007 2037 1062 2085 sire
1079 2033 1202 2098 mysterio,
1221 2044 1273 2084 uns

170 2111 311 2176 eademqne
330 2112 419 2162 manet
440 2115 573 2164 sententia
593 2115 689 2175 Pttutt3
713 2115 763 2164 uisi
787 2115 855 2180 quod
874 2114 1063 2178 significantius
1083 2115 1272 2178 sublimiusque

170 2191 273 2242 dicatur
284 2192 398 2254 mysterio
415 2197 439 2242 et
450 2193 554 2242 obrooeuo
570 2194 714 2256 petoloutin,
725 2209 801 2258 quatu
817 2195 947 2258 peregrino
962 2201 986 2245 et
1005 2195 1111 2244 obscum
1128 2194 1276 2258 monteria,

169 2271 225 2324 alre
236 2271 359 2332 ministri,
368 2271 456 2320 surana
464 2273 580 2332 principis
594 2275 727 2321 alemant..
744 2276 799 2324 Per
815 2277 949 2334 peregrinae
964 2275 1274 2343 superseminantem

171 2349 341 2412 designantur
352 2348 493 2400 sacrificuli
503 2355 531 2398 et
542 2363 631 2398 eornm
647 2348 823 2414 superstitiosi
834 2351 954 2411 asseclae,
964 2349 1015 2399 ists
1026 2350 1165 2412 peregrina
1175 2358 1274 2413 myste-

171 2429 211 2480 ria
223 2430 299 2492 stipis
315 2429 437 2492 petendae
453 2444 533 2480 causa
552 2426 777 2486 circumferentes,
797 2435 826 2479 et
843 2429 941 2478 somnia
960 2444 1005 2478 sua
1022 2429 1272 2494 ‚vaticinationesqus

171 2508 346 2567 uenditantes.
380 2510 412 2560 Si
428 2511 535 2566 Plinius,
546 2509 678 2566 noluisset,
696 2509 746 2558 nisi
759 2510 913 2572 peregrinos
931 2514 958 2558 et
974 2509 1142 2572 AEgyptiacoa
1157 2521 1245 2556 servos
1256 2524 1273 2557 a

170 2591 255 2652 patria
266 2591 421 2654 designem
438 2589 593 2652 simpliciter
604 2589 720 2640 dicturus
731 2587 834 2651 fuisset,
852 2587 999 2652 peregrina,
1010 2594 1056 2636 arrt
1068 2586 1235 2650 AEgyprtaoa,
1245 2592 1274 2637 et

170 2668 294 2724 obscoena
315 2667 468 2729 ministeria,
484 2682 568 2732 neque
587 2681 651 2731 opus
670 2666 763 2718 fuisset
786 2681 851 2716 roce
869 2666 1054 2730 superstitionis.
1079 2664 1181 2728 ,Qotdt
1201 2665 1272 2730 quod

170 2749 247 2812 pueri
265 2749 301 2799 illi
311 2747 493 2810 Alexandrini,
503 2749 660 2813 similesque,
674 2748 731 2812 jam
742 2747 790 2798 sub
801 2748 922 2798 obscoena
933 2746 1080 2810 petulantie
1091 2759 1186 2796 mensu
1200 2745 1272 2807 prin·

170 2829 237 2892 atpts
249 2828 389 2879 oberrante
408 2829 674 2892 comprehenduntur.
692 2857 696 2864 ·
709 2829 806 2878 Nescio
822 2842 894 2890 raro,
907 2841 954 2876 cur
966 2825 1108 2892 Arntaenio
1117 2823 1272 2874 incredibile

169 2913 198 2956 et
216 2921 318 2968 ornnem
337 2905 416 2954 fidem
433 2905 560 2956 excedere
576 2907 707 2964 videatur,
722 2907 744 2956 si
760 2907 860 2956 Plinius
872 2907 979 2962 dixerit,
998 2919 1134 2968 perversos
1146 2903 1272 2968 quosdam

168 2987 309 3056 principes,
321 2987 364 3050 qui
374 2993 459 3052 tamen
473 2987 695 3049 petulantissimus
707 2994 734 3036 et
743 2987 951 3036 obscoenissimos
962 2977 1078 3053 homines
1088 2985 1157 3034 inter
1168 2997 1273 3048 tranan-

170 3069 232 3121 tao
250 3067 394 3132 admisisse,
414 3073 442 3118 et
460 3067 511 3117 alia
525 3067 637 3116 absurda
649 3074 728 3132 atque
736 3066 887 3118 ¹facinoroso
898 3079 1008 3128 quaeque
1020 3063 1171 3126 designasse
1183 3063 1272 3112 dicun·

170 3153 223 3208 tur,
235 3146 374 3210 aliquando
384 3146 463 3196 etiarn
475 3145 641 3201 sacrificulos,
654 3148 778 3210 mysteria
790 3160 837 3194 sna
849 3145 874 3192 iu
887 3145 999 3207 publicis
1011 3143 1074 3192 vicis
1089 3141 1272 3193 circumferen-

168 3233 220 3289 tes,
230 3227 371 3290 bonumque
383 3227 497 3281 asseclas
508 3227 579 3276 varia
588 3226 688 3275 ludicra
699 3227 839 3288 agitantes,
847 3226 874 3274 in
882 3223 1061 3296 tricliniares,
1069 3223 1112 3272 ubi
1123 3222 1273 3286 coenabant,

169 3309 213 3374 uel
224 3308 426 3370 superstitionis,
445 3308 486 3356 rel
502 3307 579 3356 aniuri
591 3322 669 3356 causa
682 3306 814 3356 admisisse
825 3322 833 3367 r
851 3319 910 3355 curn
931 3305 1050 3367 inprimis
1064 3319 1098 3352 ex
1108 3302 1232 3370 Suetonio
1243 3303 1272 3352 in

170 3387 277 3450 Othone
287 3401 345 3450 cap.
357 3391 397 3438 la.
409 3387 595 3450 intelligamus.
613 3387 763 3437 ‘Otbonesu
779 3386 964 3449 imperatorem
980 3385 1056 3451 sacra
1071 3384 1149 3433 Isidis
1159 3397 1231 3446 sape
1243 3383 1273 3433 in

167 3466 252 3522 lintea
269 3467 441 3532 religiosaque
459 3475 532 3530 reste
553 3468 686 3529 propalam
707 3465 884 3527 celebrasser’
901 3472 929 3514 et
949 3465 976 3514 in
997 3465 1148 3515 Domitiano
1166 3478 1231 3527 cup.¹
1248 3467 1273 3514 1.

169 3547 349 3598 Domitianum
367 3547 409 3596 ‘in
422 3546 491 3596 bello
507 3546 659 3612 Vitelliano,
670 3547 738 3611 apud
751 3547 873 3597 aedituum
885 3547 952 3596 clam
963 3552 1143 3610 pernoctasse,
1153 3559 1184 3594 ac
1194 3557 1271 3594 mane

168 3625 248 3675 Isiaci
270 3627 382 3677 celatum
401 3625 501 3680 babitu,
520 3626 639 3689 interque
658 3627 814 3677 sacrificulos
832 3641 904 3675 ranae
919 3624 1111 3688 superstitionis
1130 3620 1271 3674 latuisser'

170 3710 200 3755 ut
212 3703 278 3758 adeo
287 3702 315 3752 bi
328 3704 459 3766 principes
477 3703 510 3752 ab
522 3705 578 3752 istis
588 3705 669 3768 sacris
681 3705 766 3754 eboris
778 3705 856 3753 etiam
877 3706 946 3753 iuter
959 3703 1110 3753 caenandum
1129 3701 1270 3764 nonninris

169 3781 311 3832 abhorrere
332 3783 474 3847 potuerint.
510 3783 603 3832 Placet
614 3783 695 3846 igitur
706 3783 766 3842 mibi
781 3783 858 3846 lipsii
871 3784 1018 3846 expositio:
1036 3777 1163 3842 ‘Malim'
1175 3780 1270 3844 inquit,

169 3862 311 3926 ⁴‚accipere
333 3863 443 3923 Isiacos,
466 3862 636 3918 Bellonarios‚
658 3863 716 3926 [qui
739 3862 872 3910 Bellonam
896 3862 1036 3925 colerent,]
1064 3860 1154 3910 Gallos
1175 3859 1270 3926 Matris

169 3942 267 3998 Deum,
287 3944 331 4008 qui
350 3957 409 3992 oum
430 3949 500 3992 coetu
523 3957 555 3991 ac
576 3942 654 3992 choro
677 3943 767 3992 domos
785 3947 812 3990 et
832 3941 952 3991 convivia
969 3941 1088 3990 solebant
1098 3927 1270 4004 irrumpere!

170 4023 252 4072 Certe
271 4022 340 4090 apud
359 4023 482 4074 Juvenal.
500 4023 557 4073 Sat.
571 4037 614 4082 vvs.
633 4027 691 4072 till.
711 4024 767 4072 baec
783 4022 907 4084 legimus:
926 4023 1022 4077 ‘Ecca
1033 4019 1142 4090 furentis
1153 4020 1270 4084 Bellonae

170 4101 318 4174 Multisque
330 4103 415 4152 Deum
428 4101 541 4167 chorus,
552 4101 583 4166 (i.
600 4117 625 4150 e.
644 4101 794 4151 sacerdotes
807 4100 877 4150 Galli
894 4108 921 4150 et
938 4099 1104 4164 Bellonarii,)
1116 4100 1224 4163 fintrat,
1241 4106 1271 4149 et

167 4181 395 4254 iprensfletnirir,
406 4183 527 4234 obsceno
540 4181 621 4257 iacies
633 4181 777 4259 reserenda
788 4180 889 4244 minori,
964 4181 1006 4248 oui
1024 4194 1102 4244 rauca
1113 4180 1214 4246 robers,
1226 4179 1270 4232 cui
