3112 4852
564 155 593 208 Χ

563 344 847 403 rannerruons.
893 349 917 394 ι.
939 333 993 398 36.
1257 335 1323 402 229

223 493 374 567 remissa,
389 491 451 556 sed
465 490 747 566 additaastultio,
762 491 937 574 solumque
953 498 1127 568 mutatum,
1144 495 1234 578 qnod
1247 495 1321 578 jam

223 615 290 660 non
305 595 485 669 delatores,
501 592 561 657 sed
576 593 677 674 leges,
694 593 863 658 timentur.
907 597 938 658 3.
962 595 1009 658 At
1023 595 1167 660 fortusse
1182 616 1247 661 non
1264 616 1321 661 ea-

223 700 300 764 dem
316 698 493 762 severitate
508 695 635 771 liscum,
650 714 719 776 qun
733 696 899 772 ararium,
916 697 1081 760 cohibesl
1104 696 1212 761 Immo
1227 705 1321 794 tanto
1348 743 1352 748 -

224 801 361 883 maJore,
383 798 607 882 quantoplus
629 797 691 862 libi
709 797 811 860 liuere
834 798 875 862 de
899 809 968 874 tuo,
984 819 1085 882 quam
1104 799 1145 860 de
1169 800 1321 880 publico,

224 902 345 967 credis.
388 901 522 965 Dicitur
533 901 661 975 actori:
676 905 777 982 atquc
788 901 889 964 etiam
901 902 1109 982 procuratori
1127 909 1197 977 tuo,
1216 901 1256 964 Iu
1264 902 1321 984 jus

223 999 340 1081 veni;‘
358 1021 494 1086 sequere
510 1002 553 1066 ad
570 1000 731 1064 tribunal!
776 1001 808 1064 4.
832 1000 921 1065 Nam
946 1003 1090 1066 tribuual
1114 1021 1247 1086 quoquo
1261 1021 1321 1066 ex-

223 1106 404 1186 cogitatum
419 1099 611 1188 principatui
625 1113 689 1178 est,
706 1121 768 1184 par
782 1103 930 1180 cetratis,g
950 1104 1015 1168 nisi
1036 1103 1119 1167 illud
1143 1103 1320 1186 litigatoris

223 1207 448 1289 magnitudine
462 1204 621 1270 metiaris.
666 1204 749 1268 Sors
762 1209 796 1267 et
815 1202 918 1268 urna*
939 1204 1025 1268 fiseo
1041 1204 1190 1287 judicem
1214 1207 1320 1288 assig-

680 1381 860 1401 oneoueuu

223 1498 314 1546 Patav.
328 1503 355 1546 et
367 1499 431 1548 Eae.
443 1499 519 1548 Voss.
553 1499 725 1560 Proimpurcr,
739 1500 853 1562 Guelplr.
874 1497 953 1547 habet
970 1499 996 1547 irr
1013 1503 1151 1561 purten-«l
1169 1499 1261 1548 Putas.
1281 1516 1321 1549 ex·

220 1561 353 1622 cogitatum
361 1565 510 1621 cruciatum,
522 1562 583 1612 edd.
593 1564 698 1612 Puteol.
710 1567 782 1613 1476.
793 1575 820 1613 et
832 1565 927 1612 Vener.
937 1567 1009 1611 1⁴98.
1020 1563 1180 1623 excogitatum
1191 1565 1306 1612 cruciatui
1311 1581 1320 1622 ,·

221 1627 297 1674 etsie
310 1627 427 1688 plurimae
443 1627 503 1675 edd.
521 1629 681 1690 excogitatum
696 1628 804 1678 creduto
823 1629 849 1676 iu
866 1629 931 1676 aliis.
964 1628 1052 1676 ‘Vere
1064 1628 1130 1674 dixit
1143 1627 1276 1688 cellarius,
1294 1631 1320 1676 in

219 1690 268 1738 lroe
288 1692 344 1740 loeo
362 1707 460 1754 vocem,
474 1694 589 1748 munta,
606 1707 709 1740 crucem
729 1691 809 1755 figere
829 1693 934 1740 criticis.
968 1691 999 1739 lo
1019 1691 1170 1750 parisiensi,
1186 1699 1213 1740 et
1229 1701 1319 1741 nostro

220 1755 309 1802 codice
321 1757 373 1806 llis.
384 1765 518 1805 exaratum
530 1766 569 1805 est
579 1758 719 1813 cruciatum,
736 1759 790 1804 sine
803 1757 853 1806 ullo
865 1771 950 1804 sensu.
984 1753 1058 1803 Idem
1074 1757 1154 1804 etiarn
1166 1765 1317 1806 annotatum

220 1828 262 1867 ert
284 1819 310 1867 lu
323 1821 405 1870 allero
416 1821 496 1870 Gudii
512 1821 588 1869 libro.
621 1821 717 1882 Vossii,
735 1823 850 1884 itemque
867 1821 964 1884 primur
975 1819 1054 1867 Grruii
1067 1821 1133 1867 liber
1144 1820 1249 1869 exlrilrct
1265 1837 1320 1870 crrr·

218 1883 300 1938 riultu‘,
312 1894 338 1932 et
351 1887 378 1932 in
389 1886 529 1948 impressis,
541 1885 680 1933 Rhenanus
698 1900 728 1933 ac
747 1885 916 1934 Philomuaua.
961 1882 997 1931 Ar
1008 1883 1159 1945 Beroaldus,
1169 1885 1318 1943 Catanaus,

219 1945 313 2001 Aldus,
332 1949 423 2006 Junta,
444 1951 624 2010 Cuminarius,
641 1949 797 2011 Stephanus,
820 1964 851 1998 ac
872 1947 961 2010 reliqui
980 1949 1144 2007 recentiores,
1167 1949 1319 2012 evulgarunt

219 2013 335 2072 cruciatu,
351 2014 570 2076 interpretatique
590 2021 651 2062 snut
667 2020 673 2040 ¹
688 2012 845 2075 vexatione,’
861 2010 1018 2067 ‘motorum’
1035 2011 1213 2061 ‘severitate’
1256 2015 1319 2062 Livi·

220 2077 300 2131 neius,
319 2092 349 2124 ex
367 2078 449 2126 literis
462 2077 634 2139 transpositis,
651 2075 774 2137 effingere
792 2083 900 2125 conatus
921 2083 961 2124 est
977 2089 1019 2122 cur
1035 2077 1062 2124 ιη’
1080 2073 1178 2125 cutm?
1195 2077 1257 2124 satis
1275 2078 1319 2125 iri·

218 2138 286 2200 gille.
320 2141 484 2190 Hermannua
504 2142 627 2205 Rayanur
643 2141 743 2202 retulit,
759 2140 881 2206 quosdam
898 2150 1013 2204 putasse,
1031 2155 1080 2188 non
1096 2142 1163 2189 male
1180 2142 1317 2204 legendum

219 2219 276 2252 esse
290 2205 410 2264 judicatu.
454 2207 489 2256 At
507 2207 596 2262 credo,
613 2206 697 2254 otiose
716 2207 754 2254 sio
774 2206 832 2264 legi.
886 2207 997 2268 Llprins,
1014 2219 1063 2268 quo
1081 2219 1157 2254 nemo
1176 2206 1265 2255 melior
1286 2210 1318 2254 de

219 2272 375 2332 panegyrico
388 2271 465 2320 Plinii
478 2271 593 2325 meritur,
611 2271 720 2333 primum
731 2270 901 2330 existimarat,
923 2285 968 2332 pro
982 2284 1045 2317 voce
1056 2270 1181 2329 murtei,
1191 2285 1318 2332 reponen-

219 2331 279 2380 dum
299 2349 354 2382 erse
370 2349 428 2384 curu
445 2341 503 2394 tuu,·
520 2350 594 2399 quam
608 2336 794 2384 correctionem
806 2349 864 2382 eoru
877 2341 966 2396 postea
979 2335 1035 2396 ipae
1047 2335 1197 2397 rprevirsct‚
1216 2336 1318 2384 ielicius

218 2398 333 2446 restituit
342 2400 503 2463 principatui·
530 2401 606 2449 Hanc
618 2401 684 2447 enirn
694 2400 785 2461 utique
797 2413 884 2446 verm
905 2407 932 2448 et
949 2399 1084 2461 genuinam
1101 2399 1238 2447 lectionem
1252 2414 1317 2459 esee,

218 2475 363 2521 censemus,
373 2465 421 2524 ira,
432 2474 462 2513 ut
473 2465 604 2523 miremur,
613 2464 636 2510 ei
649 2479 699 2511 non
712 2463 808 2510 dudum
820 2465 904 2511 lorum
918 2463 1066 2525 postliminii
1081 2461 1140 2524 jure
1152 2463 1241 2511 datum
1253 2478 1319 2525 esse,

216 2539 274 2573 cunr
287 2541 342 2574 erm
353 2533 380 2576 et
391 2531 526 2576 sententiar
538 2530 679 2576 necessitas
691 2529 790 2588 exigat,
801 2534 829 2576 et
849 2527 1001 2588 suppeditet
1020 2540 1101 2573 nexus
1120 2527 1258 2575 verborum
1279 2544 1318 2575 ae-

218 2591 369 2652 quentiunr„¹
386 2593 507 2642 Scirum.
539 2592 684 2654 principatui
696 2598 850 2652 receperunt
861 2591 941 2638 Geen.
952 2597 979 2637 ot
999 2590 1099 2651 Gierig.
1119 2591 1250 2650 litigatoris
1267 2607 1317 2638 om-

217 2654 336 2715 plitudirrc
354 2657 412 2705 eod.
426 2657 520 2704 Patav.
554 2657 629 2718 Mox,
645 2670 692 2717 pro
702 2655 810 2714 judicem
820 2655 929 2715 arrigunt
941 2655 998 2701 rod.
1011 2655 1094 2701 Paris.
1107 2653 1185 2702 lrabet
1200 2655 1317 2704 uindicem

712 2816 823 2866 NOTAE

217 2942 267 2982 res,
285 2929 378 2992 quibus
396 2938 457 2980 aute
475 2933 561 2993 ampla
580 2933 686 2982 sceleris
705 2932 744 2981 soi
787 2941 920 3005 ‘Sequere
942 2939 1002 2994 me!
1034 2941 1084 2990 Ha
1099 2940 1168 3004 opud
1187 2941 1318 3006 Plautum,

216 3020 317 3056 merces
327 3006 447 3062 dabatur,
457 3011 653 3060 mulctarentur.
785 3018 918 3077 Senecam,
929 3018 1086 3078 Martialem,
1097 3021 1147 3066 dre.
1162 3051 1163 3056 ,

247 3089 259 3115 ⁰
274 3081 372 3145 Artori]
386 3082 499 3134 ‘Actor’
518 3087 542 3132 in
556 3084 659 3135 familiis
676 3085 745 3135 diee-
817 3099 830 3134 t
848 3093 1020 3152 Excogitatum
1029 3092 1174 3154 principatui
1186 3092 1316 3154 [nudula]

215 3154 302 3219 batur,
315 3158 357 3218 qui
369 3171 419 3214 rer,
430 3158 595 3224 rationesque
603 3160 657 3209 heri
665 3160 745 3209 adrni-
785 3171 830 3221 ert,
841 3181 888 3228 por
898 3165 995 3227 celeria]
1011 3167 1105 3214 Sensus
1115 3175 1166 3226 est,
1178 3167 1316 3229 Excogita-

215 3232 361 3293 uistralrut3
379 3235 404 3284 in
422 3235 556 3297 republica
567 3250 629 3285 vero
646 3236 746 3286 ‘Actor
786 3245 838 3288 torn
850 3248 892 3288 est
904 3239 1016 3288 tribunal
1030 3255 1077 3302 par
1093 3243 1231 3290 severitate
1243 3248 1315 3291 eete-

215 3308 357 3372 prineipiq’
373 3312 417 3374 qui
428 3327 483 3360 reru
494 3313 617 3376 principis
628 3313 745 3363 curabat.
786 3318 830 3365 ria.
863 3315 939 3368 Quod
965 3315 987 3364 si
1010 3331 1068 3366 curn
1095 3318 1183 3379 lipsio
1209 3318 1315 3381 legeris,

215 3381 314 3434 Differt
334 3400 348 3434 a
369 3387 571 3448 ‘procuratore'
588 3390 632 3454 qui
655 3390 744 3440 itidem
782 3393 939 3456 principatui,
958 3407 1047 3442 seusus
1065 3395 1130 3442 erit:
1150 3393 1216 3444 Fiaci
1232 3394 1314 3443 tribu·

215 3460 339 3523 principis
358 3475 411 3510 rem
426 3465 593 3526 procurabat.
626 3471 650 3516 1.
667 3467 744 3519 Quod
784 3471 826 3518 nal
843 3469 1021 3534 excogitatum
1038 3479 1077 3518 est
1090 3485 1136 3533 pro
1148 3471 1276 3536 principe,
1287 3471 1313 3520 id

214 3621 282 3662 eruat
295 3615 342 3663 sub
361 3627 527 3678 procuratore
535 3638 543 3680 ;
561 3624 604 3686 qui
616 3623 638 3672 si
651 3623 743 3686 anplir
783 3631 811 3673 at
822 3623 866 3672 ubi
876 3622 984 3686 perinde
996 3631 1074 3686 atque
1086 3623 1112 3671 ln
1124 3625 1220 3673 ceteris
1232 3622 1314 3670 tribu·

214 3691 417 3751 possessionibus
427 3694 742 3761 exigendiaetprocurau·
783 3699 883 3747 nalibur
906 3699 949 3762 jus
971 3697 1144 3746 redderetur:
1172 3699 1220 3746 nisi
1242 3695 1313 3761 qnod

213 3763 253 3812 ⁶¹⁸³
271 3776 390 3828 vimi,
412 3771 500 3833 plures
519 3773 567 3821 sub
585 3789 613 3823 se
630 3775 743 3826 habebat
783 3776 839 3825 allis
856 3775 964 3822 nobilius
983 3780 1048 3833 erat,
1064 3787 1122 3821 cum
1135 3781 1241 3836 propter
1252 3787 1313 3821 cru·

213 3848 336 3900 ueterem
356 3844 396 3893 rin
419 3847 511 3910 minus,
529 3865 606 3900 unum
628 3859 742 3912 tautum3
783 3867 823 3900 sas
846 3851 953 3905 lineales,
972 3850 1005 3898 dc
1023 3849 1113 3912 quibus
1129 3849 1163 3897 ibi
1182 3855 1313 3912 ageretur,

213 3923 258 3965 aot
278 3919 355 3966 etiam
375 3920 505 3973 interdum
527 3925 595 3974 idem
615 3938 697 3984 actor,
715 3937 742 3978 et
782 3938 836 3977 turn
866 3935 974 3990 propter
991 3928 1103 3989 jndices,
1128 3927 1171 3989 qui
1200 3927 1316 3976 Caesaris

212 4003 367 4057 procurator
378 4006 443 4048 erat.
782 4019 915 4067 personam
925 4003 976 4050 illle
986 4003 1151 4051 surriuerent.
1165 4001 1232 4058 Nam
1242 4005 1311 4063 quod

247 4069 259 4102 f
271 4072 351 4132 lnior
361 4075 426 4138 urai]
442 4076 508 4124 Sunt
518 4085 544 4126 ai
556 4079 613 4127 alie
622 4077 739 4129 formulas
781 4080 893 4129 Puteani
910 4078 990 4127 editio
1001 4077 1089 4139 habet,
1099 4076 1237 4140 miniari,
1249 4079 1311 4128 milri

211 4146 295 4208 injur
319 4150 436 4211 vocandi,
454 4158 490 4206 nt,
507 4153 557 4201 ‘ln
569 4155 612 4217 jur
629 4155 739 4217 eamur3'
781 4157 883 4222 quidem
897 4155 1000 4219 probari
1013 4168 1062 4202 noo
1075 4162 1168 4216 potest.

209 4225 219 4250 ⁴
233 4221 347 4274 Ambula
360 4225 387 4273 iu
401 4226 445 4288 jus
454 4225 472 4285 ;'
486 4227 534 4276 ‘lu
548 4228 592 4291 jus
608 4235 634 4279 tc
651 4231 739 4292 νοτυς·
813 4232 825 4266 ¹²
842 4234 901 4283 Sors
918 4236 941 4282 el
956 4229 1027 4293 eruo]
1045 4231 1115 4281 Nota
1127 4231 1252 4282 rationem
1266 4233 1310 4281 cli-
