3112 4852
244 378 309 441 214
614 397 646 443 o.
670 395 790 444 eurnrr
816 395 983 445 snoonnr

289 537 380 602 Gne.
405 551 523 604 xxxi.
568 539 600 601 1.
624 539 790 603 Omnibus
803 540 958 622 equidem
974 540 1126 622 gentibus
1141 539 1266 605 fertiles
1284 562 1343 606 an-

245 657 321 716 nos,
337 647 517 722 gratusque
531 649 636 706 terras
651 660 788 722 precor:
811 640 1005 704 crediderim
1028 649 1150 720 tamen,
1173 662 1235 725 per
1256 643 1344 708 bunc

246 741 388 825 AEgypti
403 749 631 820 statum,·tnas
645 744 827 807 Fortunam
842 743 932 805 vires
944 743 1100 826 experiri,
1116 752 1280 826 tuamque
1295 747 1345 809 vi-

247 844 416 925 gilantiam
432 852 641 928 expectare,⁸
662 844 823 909 voluisse.
868 835 975 922 Nam,
992 863 1068 908 curn
1087 847 1199 909 omnia
1219 848 1345 930 ubique

248 947 398 1012 secunda
413 948 587 1027 merearis3
610 965 716 1011 noune
737 945 948 1010 manifestum
970 954 1036 1024 est,
1056 947 1085 1009 si
1109 947 1190 1030 qnid
1214 948 1346 1011 adversi

132 1113 135 1120 ,
155 1121 159 1132 Ι
248 1049 360 1125 cadat,
373 1049 441 1111 tuis
457 1049 627 1124 laudibus,
643 1049 776 1130 tuisque
790 1050 978 1125 virtutibus,
990 1050 1160 1112 materiem
1172 1068 1346 1131 campum·
1383 1107 1389 1120 ,

249 1170 315 1234 qne
333 1153 515 1231 prosterni;
538 1171 612 1214 curn
628 1150 778 1214 secunda
798 1151 924 1226 felices,
944 1150 1085 1213 adversa
1099 1169 1248 1231 magnos,
1268 1171 1346 1233 pr0÷

248 1252 350 1316 benti
394 1253 427 1316 2.
452 1251 694 1317 Percrebuerat
724 1252 920 1335 antiquitus„
939 1245 1063 1315 'urbem
1094 1258 1254 1330 nostram,
1281 1254 1347 1317 nisi

250 1353 373 1435 opibus
390 1354 541 1436 AEgypti,
557 1354 602 1418 ali
620 1355 866 1436 sustentarique
882 1372 947 1417 non
959 1351 1090 1436 posse.b
1123 1354 1348 1435 Superbiebat
1366 1403 1373 1418 .

250 1462 411 1518 ventosae
427 1465 461 1519 et
473 1456 620 1518 insolens
632 1456 734 1532 natio,
752 1456 842 1538 quod
858 1455 1019 1519 victorem
1035 1455 1166 1538 quidem
1181 1456 1346 1537 populum
1382 1455 1386 1463 ’

250 1566 407 1639 pasceret
420 1563 550 1637 tamen3
574 1555 731 1639 qnodque
754 1558 788 1619 in
813 1577 874 1620 suo
894 1556 1042 1634 flumine,
1055 1557 1091 1619 in
1105 1556 1177 1620 suis
1192 1555 1349 1634 nimidas,d

709 1733 891 1755 ‘venenuo

252 1865 328 1914 qrratn
347 1865 407 1900 vero
420 1852 552 1900 Livineiue
569 1853 594 1901 in
607 1851 722 1915 margine
734 1851 794 1902 edd.
805 1867 859 1902 auae
871 1858 1017 1906 annotaret,
1029 1866 1057 1900 ie
1068 1851 1094 1900 in
1107 1850 1197 1900 codice
1209 1856 1261 1899 vet.
1273 1861 1350 1912 repe·

253 1917 314 1964 rime
325 1917 425 1978 aliquid,
438 1918 555 1980 plerique
567 1926 679 1965 recenti.
692 1918 917 1981 irancecripturarn
931 1925 1097 1980 receperunt,
1109 1931 1185 1981 quern
1200 1916 1277 1964 etiem
1289 1930 1351 1964 con-

252 1979 357 2044 firmant
370 1981 445 2029 codd.
458 1996 473 2029 e
486 1996 526 2030 rue
535 1979 663 2044 inspecti!
681 1982 802 2031 Schuetz.
1271 1991 1273 1997 “

285 2045 352 2093 Cre.
365 2057 446 2094 xxxi.
480 2050 491 2094 l
511 2046 578 2095 Cod.
598 2045 688 2095 salisb.
706 2046 828 2106 egentibus
839 2045 864 2106 f.
880 2060 968 2096 amnes.
1002 2045 1077 2104 Mox,
1094 2043 1208 2092 nonnulii
1231 2041 1308 2092 codd.
1324 2049 1352 2092 et

167 2109 171 2118 '
253 2107 313 2155 edd.
324 2115 429 2170 spectare
439 2109 553 2166 minirum
570 2109 640 2158 Gud.
660 2111 905 2168 oetentareooiuiree,·
923 2120 950 2158 et
965 2109 1002 2157 ric
1013 2108 1096 2157 edidit
1108 2109 1213 2170 Cnepin.
1247 2107 1351 2168 Lipsius

254 2173 340 2219 animo
351 2175 422 2234 qnasi
434 2187 557 2233 arrepenso
570 2173 684 2235 scripsit,
705 2173 823 2222 ‘videon
834 2173 960 2236 spectari?
969 2188 1045 2237 quarn
1057 2173 1124 2236 conj.
1133 2185 1255 2232 recepere
1266 2172 1351 2220 Benn.

254 2243 282 2283 et
290 2235 371 2284 Geso.
381 2242 517 2296 exspectare
525 2237 624 2284 voluitne
635 2237 793 2286 cod.Patev.
806 2239 849 2285 aiii
861 2238 961 2300 plurimi
973 2253 1014 2298 ap.
1022 2237 1153 2285 sturm-z.
1161 2235 1291 2297 ‘Tuamque
1299 2235 1351 2297 vig.

253 2301 558 2363 expectareeonnerJSte
570 2302 763 2349 Schwere.cum
774 2301 891 2350 omnibus
899 2303 951 2349 euie
961 2300 1038 2350 codd.
1057 2299 1283 2350 ContreArntzen.
1293 2315 1352 2347 curn

251 2364 313 2410 otiis
333 2379 346 2410 e
365 2364 443 2412 (ludii
461 2365 526 2412 libro
541 2366 674 2426 arripiexns
693 2373 734 2413 eet
750 2370 863 2428 spectum,
880 2366 897 2413 i.
908 2380 932 2413 e.
944 2367 1093 2428 explorare.
1127 2364 1258 2414 Gamerae
1272 2365 1352 2424 Lipeii

251 2428 324 2490 conj.
337 2429 452 2490 praetulit
463 2431 576 2490 aperturi,
593 2430 611 2477 i.
622 2443 645 2477 e.
663 2428 696 2476 ab
708 2429 827 2478 omuibus
839 2430 963 2490 conspici.
996 2428 1146 2492 Cuspinian.
1156 2429 1265 2490 denique
1277 2434 1354 2490 peten-

255 2496 308 2540 tere
319 2492 443 2540 exhibuit.
478 2494 604 2555 Equidem
613 2493 670 2556 jem
683 2509 765 2556 nnper
775 2495 871 2551 monui,
890 2507 947 2542 esee
958 2503 1029 2542 ruam
1042 2493 1134 2556 cuique
1152 2494 1257 2540 lectioni
1271 2495 1353 2542 virtu·

256 2562 319 2616 tem,
332 2570 415 2619 nenne
429 2557 525 2619 liquido
539 2559 689 2620 diripuere,
707 2573 764 2622 quae
776 2558 809 2606 eit
821 2558 853 2605 ab
871 2559 985 2607 auctoris
1003 2572 1079 2605 menn
1093 2554 1222 2618 profecte.
1254 2557 1354 2605 Portet

256 2621 357 2670 Ernesti
364 2622 421 2684 jun.
431 2621 479 2670 eibi
491 2623 595 2685 spectari
605 2623 720 2670 arridere
732 2622 808 2678 dixit,
819 2620 914 2671 Scbeef.
923 2619 1046 2684 spectare)
1064 2621 1164 2682 Gidrig.
1189 2621 1271 2684 Paulo
1284 2629 1354 2685 post,

256 2686 332 2733 Vett.
347 2691 368 2733 1.
379 2691 404 2734 2.
416 2691 439 2735 a.
450 2692 476 2737 4.
493 2688 586 2735 Seiisb.
596 2693 623 2736 et
633 2687 747 2748 Gneipb.
756 2701 809 2735 eum
825 2686 903 2736 omnio
917 2689 1018 2735 necunde
1028 2685 1114 2746 ubique
1124 2686 1236 2733 merearis
1241 2701 1250 2742 ,-
1268 2685 1354 2737 Parin

222 2778 227 2792 ·
256 2764 309 2798 eum
320 2751 397 2798 omniu
407 2752 491 2813 ubique
502 2752 613 2800 mercurie
623 2754 732 2800 retunde.
756 2751 880 2800 Beroaid.
890 2759 916 2798 et
928 2751 1020 2799 Catan.
1037 2749 1058 2796 ri
1069 2751 1129 2811 qnod
1139 2765 1162 2796 a.
1173 2751 1251 2797 radet.
1270 2749 1354 2798 codd.

257 2811 332 2861 Van.
352 2818 375 2864 1.
393 2820 418 2863 2.
431 2819 455 2863 3.
466 2820 491 2863 4.
519 2816 601 2863 Perii.
619 2816 714 2863 Venet.
732 2811 826 2864 salisb.
842 2815 960 2876 -Gueipin
978 2821 1005 2862 et
1026 2815 1196 2862 Scirwarzian.
1213 2813 1356 2872 moteriern,·
1460 2809 1464 2813 ’

258 2877 341 2925 ceteri
353 2892 441 2925 omnes
454 2892 496 2939 ep.
508 2879 638 2927 Schwarz.
650 2880 780 2927 materiem.
812 2877 865 2926 Pro
875 2879 1004 2940 prosterni,
1017 2876 1126 2939 Lipsius,
1144 2877 1257 2940 Beroeg.
1268 2877 1355 2925 Heck.

259 2941 332 2988 (iera
343 2949 371 2988 et
381 2941 507 2989 Arntzen.
517 2942 651 3003 prosterni.
686 2943 769 2991 ‘Mihi
790 2949 928 3004 utrumque
946 2941 1019 2988 verb.
1036 2957 1109 3004 aeqne
1131 2939 1226 2989 bonurn
1245 2940 1356 2990 videtur.

259 3005 335 3052 Ptine
348 3005 371 3052 Ιι.
383 3005 398 3054 i.
410 3020 437 3052 ee
451 3013 539 3053 tuetur
550 3019 675 3056 consensu
686 3006 763 3054 codd.
780 3016 842 3067 ergo
854 3005 1044 3068 preferendum
1057 3004 1114 3054 eet!
1133 3005 1277 3066 Gierig.-2
1293 3006 1357 3054 Vnt.

258 3072 283 3116 t.
295 3069 387 3119 Peter.
399 3079 426 3119 et
438 3070 551 3132 Gneiph.
566 3076 682 3132 posceret,
694 3072 786 3118 omisca
798 3083 862 3118 voce
873 3075 952 3118 temen
959 3084 969 3126 ,·
985 3071 1127 3132 eodemque
1144 3069 1247 3130 punctir
1266 3077 1358 3118 notate

259 3132 309 3182 fuit
321 3135 345 3182 io
358 3136 504 3185 Excvoas.
518 3137 589 3198 quasi
602 3134 713 3184 defuerit
724 3134 802 3184 aiicni
813 3134 873 3183 eod.
898 3135 968 3182 ‘Pro
980 3133 1006 3183 in
1017 3135 1068 3182 suia
1077 3133 1193 3190 mentirer,
1203 3135 1272 3197 quod
1288 3133 1359 3182 obsi-

753 3313 861 3362 NOTAE

202 3490 205 3496 ,
293 3449 305 3474 ·
324 3441 457 3503 Expectare
476 3441 600 3504 [spectari]
616 3440 659 3491 lta
680 3441 789 3505 Lipsius.
831 3442 974 3503 Arignstus,
986 3444 1097 3506 AEgypto
1112 3441 1139 3491 in
1151 3442 1291 3505 provincie
1307 3441 1360 3490 for·

253 3515 344 3566 doute
357 3516 420 3564 aiios
441 3530 502 3565 vero
514 3523 648 3580 expectere,
659 3517 727 3582 qnod
738 3531 788 3566 non
830 3533 896 3566 mam
907 3519 1029 3574 §redacta
1050 3518 1168 3581 publicas
1189 3518 1226 3566 ibi
1244 3518 1358 3568 frumen-

262 3592 300 3640 ite
313 3592 407 3654 piacet.
572 3587 577 3593 ’
818 3595 943 3644 :tationes
960 3594 1080 3654 institnit,
1094 3594 1172 3654 unde,
1182 3601 1211 3643 nt
1222 3596 1259 3644 ait
1268 3595 1359 3643 Victor

295 3667 307 3701 ὓ
325 3669 380 3716 Non
394 3666 471 3730 pone]
491 3667 584 3731 Neque
595 3665 732 3716 admodum
744 3667 791 3715 im·
830 3670 856 3719 in
875 3669 1003 3732 Airgnrto,
1020 3669 1104 3719 ‘Urbi
1124 3684 1208 3718 ennna
1226 3670 1359 3718 ducenties

263 3745 365 3794 merito.
401 3744 468 3793 Nam
487 3745 615 3806 doreplrus
635 3743 680 3793 lib.
694 3757 734 3793 xi.
746 3757 789 3790 ex·
829 3751 940 3795 centena
955 3745 1041 3793 miliia
1066 3744 1188 3794 frumenti
1214 3742 1361 3794 infereban-

263 3821 325 3868 eidii
350 3821 480 3870 Hierosoi.
507 3820 659 3884 ‘AEgyptnr
681 3828 792 3884 quatuor
831 3821 892 3872 tnr.’

264 3897 389 3946 mensium
411 3910 538 3944 annonam
558 3895 623 3944 Urbi
638 3895 791 3959 suppedita·
860 3903 872 3929 ⁰
899 3897 1009 3961 Ventura]
1030 3895 1157 3958 Vopiecne
1171 3896 1195 3944 in
1208 3897 1361 3945 Saturnine:

264 3973 327 4022 bnt!
360 3975 394 4021 Et
405 3973 473 4021 bello
484 3972 586 4021 Punico
599 3971 722 4024 sectando,
734 3986 791 4019 cnm
832 3973 963 4036 ‘AEgyptii
976 3972 1021 4018 viri
1035 3973 1144 4032 ventosi,
1152 3970 1294 4033 furibundi,
1302 3973 1361 4034 jec-

265 4056 367 4096 vastata
389 4056 456 4098 erret
479 4048 511 4096 ab
534 4047 682 4094 Hannibale
704 4046 791 4108 Italia,
833 4047 936 4096 tentes!
999 4051 1005 4063 '
1096 4038 1099 4042 ’

265 4124 375 4190 {domani
393 4139 439 4186 per
454 4124 553 4186 legator
566 4138 580 4170 a
591 4123 735 4171 Ptoienraeo
748 4138 792 4186 pe·
865 4123 878 4156 ‘¹
894 4124 923 4170 In
934 4123 984 4171 saie
994 4121 1091 4172 navibus
1107 4123 1239 4186 [monibus]
1256 4123 1316 4186 Atii,
1336 4125 1363 4172 in

267 4201 341 4260 tiere,
359 4207 388 4247 nt
408 4199 530 4248 frumenti
550 4199 598 4247 sibi
616 4199 691 4261 copia
710 4197 794 4258 tieret,
833 4199 1001 4248 enienooibne.
1261 4197 1263 4202 ’

265 4275 338 4338 enjus
349 4274 374 4324 in
387 4290 484 4324 aurnma
495 4282 567 4326 erant
580 4275 676 4338 inopia.
700 4275 793 4338 Polyb.
