3100 4854
227 335 292 404 loo
734 343 826 399 vrrs

226 509 330 560 unum
340 495 374 556 et
388 491 527 556 alterum
538 489 753 575 epigramma,
766 509 810 557 ex
824 492 949 576 quibus
960 496 1071 558 cetera
1082 490 1156 577 ojus
1168 493 1329 578 poiimata

227 595 310 658 licet
324 594 502 670 oestimare,
519 593 582 676 Ep.
599 594 710 656 v11.4.
726 600 761 658 et
775 594 809 657 9.
847 593 974 657 Decem
989 593 1208 677 epistolarum
1222 596 1329 662 libros

228 693 330 758 uobis
343 692 495 776 reliquit:
517 711 582 756 nac
596 692 716 758 desunt
732 695 790 777 qui
802 694 964 759 eilibrum
979 694 1022 758 de
1033 694 1127 760 Viris
1138 696 1329 762 Illnstribns

229 795 427 870 attribuant,
439 809 536 876 quem
548 794 609 859 alil
623 794 801 872 Suetonio,
813 794 874 859 alii
886 794 1043 860 Cornelio
1054 794 1188 873 Tacito,
1201 797 1260 862 alii
1269 798 1328 862 de-

228 915 320 960 mum
335 893 546 972 Quintiliano
562 895 741 960 ascribunt.
771 894 967 960 Incredibili
983 895 1243 971 immortalitatis
1258 906 1329 964 stu-

229 995 288 1060 dio
307 996 490 1073 tenebatur,
507 1015 547 1060 ac
563 996 695 1076 ingenii,
707 997 891 1072 literarum,
907 1005 1155 1081 ceterarumque
1171 998 1330 1063 virtutum

230 1096 659 1163 commendatione-aditum
669 1096 833 1162 sibi'secit
848 1098 891 1162 ad
908 1099 1030 1164 Nerrae
1042 1099 1249 1182 Trajaniqna
1258 1119 1329 1181 gra-

231 1200 327 1275 tiam,
343 1207 376 1264 et
391 1199 435 1263 ad
453 1219 601 1263 summus
621 1217 776 1283 quosque
800 1202 1025 1282 magistratus.
1068 1199 1110 1264 In
1131 1201 1253 1283 quibus
1277 1221 1332 1285 ga·

230 1299 347 1366 randis
372 1306 497 1384 quauta
526 1299 606 1375 lide,
628 1300 826 1383 integritate,
841 1309 877 1365 et
899 1302 1077 1386 prudentia
1096 1310 1252 1367 versatus
1274 1303 1330 1383 sit,

230 1421 309 1466 oum
324 1421 370 1467 ex
392 1403 494 1466 rebus
517 1401 561 1466 ab
582 1421 624 1465 eo
644 1403 761 1484 gestis,
775 1409 848 1466 tum
862 1421 907 1466 ex
919 1402 1058 1486 Trajani
1073 1402 1117 1466 ad
1131 1423 1209 1495 cum
1222 1404 1331 1469 litoris

231 1504 392 1587 cognosci
414 1509 535 1586 potest.
580 1502 745 1568 Suetonio
768 1504 965 1586 Tranquillo
986 1505 1192 1569 amicissimo
1214 1506 1334 1572 uteba·

234 1613 299 1682 tur,
314 1603 457 1686 huicque
471 1603 554 1666 adeo
561 1602 621 1686 jus
637 1604 736 1667 trium
749 1604 929 1669 liberorum
943 1603 1120 1688 aTrajauo
1132 1605 1333 1688 impetravit.

235 1705 356 1771 Silium
370 1703 528 1770 Italicum
543 1704 654 1769 astatis
673 1723 759 1783 snae,
781 1705 811 1768 si
830 1705 983 1770 Martiali
1006 1707 1182 1783 credimus,
1199 1706 1333 1791 potam

236 1806 409 1890 insignem,
423 1805 595 1870 bominem
610 1807 735 1890 triplici
751 1808 926 1873 consulatu
939 1806 1066 1872 clarum
1078 1810 1217 1887 amavit,
1228 1810 1331 1874 luxit·

235 1928 302 1993 que
324 1907 529 1984 defunctum,
553 1908 619 1991 Ep.
646 1923 705 1971 111.
726 1909 759 1972 7.
804 1906 994 1973 Martialem
1017 1910 1196 1973 abeuntem
1210 1909 1335 1976 viatico

236 2010 387 2088 donavit,
417 2028 439 2072 a
461 2026 528 2092 quo
551 2007 813 2088 elegantissimis
839 2008 1131 2092 hendecasyllabis
1155 2011 1336 2076 redonatus

237 2117 301 2186 est,
316 2107 381 2192 Ep.
402 2125 459 2172 ιιι.
475 2109 530 2177 21.
576 2106 657 2182 Fuit
679 2107 716 2172 ei
734 2127 813 2172 cum
828 2108 953 2188 Tacita
976 2109 1162 2175 studiorum
1176 2129 1336 2176 commer-

237 2212 339 2287 cium,
352 2208 417 2293 Ep.
434 2209 571 2274 v11.20.
616 2207 729 2272 Ambo
744 2215 895 2273 mutuam
909 2211 976 2275 sibi
994 2211 1031 2274 iu
1055 2213 1337 2292 recognoscendis

238 2310 396 2394 operibus
409 2311 584 2376 tradebant
596 2328 746 2392 operam,
759 2315 794 2374 et
807 2310 972 2375 sorensem
985 2311 1121 2378 laudem
1135 2313 1187 2376 ita
1198 2313 1283 2378 inter
1298 2333 1337 2378 se

238 2411 482 2494 partiebantur,
505 2418 544 2476 ut
564 2411 697 2496 quoties
722 2411 846 2495 aliquis
869 2413 904 2476 iu
924 2412 998 2477 soro
1018 2413 1184 2495 singulare
1200 2414 1338 2499 aliquod

239 2513 444 2598 eloquentiae
459 2513 630 2602 specimen
645 2512 823 2592 edidisset,
838 2520 1040 2598 quaerarotur
1061 2514 1227 2579 ‘Tacitus
1241 2519 1339 2590 esset,

238 2634 283 2684 au
294 2615 427 2683 Plinius
436 2613 462 2677 l’
477 2613 542 2698 Ep.
554 2630 612 2678 rx.
626 2613 684 2679 23.
706 2614 865 2700 Denique
878 2634 977 2680 nemo
987 2615 1042 2679 rel
1053 2615 1185 2698 ingenio
1197 2617 1253 2681 vel
1264 2636 1340 2682 ern-

239 2717 366 2783 ditione
378 2718 443 2782 hoc
466 2721 614 2800 tempore
623 2716 830 2798 praecellnit,
845 2716 995 2799 quicum
1010 2735 1052 2781 co
1068 2717 1340 2800 conjunctissime

240 2839 309 2884 uon
324 2819 463 2884 vireret.
508 2818 620 2897 Quam
636 2819 816 2901 opulentus
832 2823 937 2895 esset,
952 2825 1058 2882 testes
1072 2817 1230 2881 'Ilrnscns
1252 2837 1341 2900 ager,

105 2965 112 2974 .
240 2919 308 3004 Ep.
325 2933 377 2982 1v.
394 2921 427 2984 6.
442 2922 477 2983 et
499 2933 533 2980 ν.
546 2919 580 2982 6.
602 2918 836 2994 Laureminus,
858 2917 924 3001 Ep.
941 2933 983 2981 n.
997 2919 1054 2984 17.
1069 2917 1258 2996 Comensis,
1281 2925 1341 2985 on·

238 3020 299 3106 jus
321 3019 449 3085 iontem
475 3019 705 3085 admirabilem
730 3019 878 3083 celebrat
894 3018 960 3102 Ep.
976 3036 1029 3086 ιν.
1053 3019 1107 3084 30.
1130 3040 1228 3085 sacra
1251 3021 1341 3086 aedes

241 3123 336 3208 apud
363 3121 544 3188 Tibernnm
567 3121 640 3185 suis
667 3121 832 3186 sumtibus
857 3129 980 3194 erecta,
1004 3121 1117 3204 plures
1139 3121 1183 3186 ad
1204 3121 1343 3188 Larium

241 3225 354 3292 lacum
366 3224 459 3292 ,villae
470 3218 732 3303 amoenissimae;
755 3241 895 3307 quarum
909 3222 1060 3301 alteram,
1075 3223 1166 3309 quod
1178 3230 1268 3288 esset
1282 3223 1343 3290 hu·

242 3326 315 3392 mili
336 3326 429 3402 loco,
449 3324 664 3401 comoediam,
688 3325 837 3402 alteram,
859 3323 951 3406 qnod
971 3325 1006 3387 in
1026 3324 1112 3389 colle
1132 3323 1224 3389 edito
1243 3333 1342 3404 esset,

243 3427 454 3511 tragoediam,
467 3445 530 3509 par
534 3425 651 3509 jocum
666 3424 938 3509 appellabat,Ep.
951 3427 1049 3492 rx.7.
1072 3424 1271 3498 Ceterumiu
1283 3445 1344 3509 pas

244 3531 353 3608 triam,
365 3516 406 3592 'et
421 3528 559 3604 amicos,
570 3544 672 3609 supra
682 3545 784 3608 quarn
797 3526 864 3592 dici
878 3533 999 3609 potest,
1010 3527 1159 3592 liberalis
1173 3526 1249 3592 suit.
1278 3528 1345 3592 Co·

243 3631 417 3698 mensibus
433 3628 469 3692 in
483 3628 700 3708 ingenuorum
714 3626 996 3710 ingenuarumque
1007 3629 1173 3705 alimenta,
1180 3629 1353 3714 quinqua.

245 3734 338 3818 ginta
352 3730 509 3797 sestertia
519 3728 625 3806 dedit,
638 3728 973 3813 Ep.vn.18..iisdam
985 3730 1028 3793 ad
1040 3729 1216 3812 erigendas
1226 3729 1261 3794 N
1263 3749 1345 3796 ovo·

246 3835 336 3901 comi
344 3832 477 3898 scholas
488 3831 679 3897 sestertium
689 3830 1046 3914 undecies,Ep.1v.13.
1064 3831 1218 3895 Romano
1229 3830 1343 3896 Firmo

235 3927 288 4002 'ad
301 3933 503 4018 explendum
518 3950 660 3996 censum
683 3937 874 4015 equestrem¹
884 3938 1030 3997 trecenta
1044 3932 1161 4010 millia,
1176 3928 1241 4014 Ep.
1254 3948 1280 3995 1.
1290 3933 1343 4010 19.

247 4053 364 4118 agrum
380 4041 513 4101 contum
529 4033 666 4101 millium
681 4051 850 4098 nummum
866 4034 987 4099 nutrici
997 4053 1089 4099 sura:
1114 4033 1252 4098 nubenti
1265 4031 1346 4098 Gal·

237 4139 335 4205 rina
345 4136 386 4203 in
402 4137 510 4206 dotem
527 4129 660 4204 centum
673 4134 793 4214 millia,
814 4136 880 4220 Ep,
894 4135 982 4215 lad.
1028 4134 1130 4212 Fabii
1145 4153 1225 4200 vero
1237 4132 1346 4220 Quiu-
