3088 4848
229 343 297 410 suu
573 359 625 408 .c.
654 359 774 409 rursu
799 359 964 412 secuunr

229 505 435 568 mirarentur·
479 501 510 566 2.
535 500 633 568 Vidit
655 508 688 568 le
711 505 856 588 populus
880 505 1055 572 Romanus
1070 506 1180 573 inilia
1193 515 1325 576 vetere·

229 603 411 688 potestatis
425 621 496 666 suae
512 603 615 668 aede:
639 624 821 688 perpessus
846 625 885 670 es
903 607 1039 690 longum
1064 609 1146 674 illud
1169 611 1326 676 carmen⁴

229 704 449 781 comitiorum,
471 723 532 768 uec
550 704 621 788 jam
644 706 869 770 irridendam‘
891 725 1038 788 morum3
1062 710 1250 794 consulque
1273 712 1325 776 sin

229 805 340 872 iactus
356 824 406 881 es,
419 809 455 869 ut
468 824 554 868 nnus
568 824 613 870 ex
628 806 835 889 nobis,quos
850 807 936 872 sacis
947 809 1133 874 consules!
1173 810 1205 876 3.
1231 811 1328 890 Quo·

229 908 432 991 tusquisque
457 907 937 990 principumauteeedentium
960 910 1119 976 honorem
1141 913 1253 986 istum,
1267 919 1327 979 aut

229 1009 418 1076 consulatui
440 1008 569 1086 habuit,
584 1015 642 1074 aut
662 1011 813 1093 populol
849 1011 884 1076 N
887 1031 931 1076 on
956 1013 1014 1077 alii
1029 1014 1171 1079 marcidi
1194 1034 1325 1090 somno,

229 1111 449 1193 hesternaque
459 1129 558 1176 onena
569 1111 804 1183 redundantes,
814 1114 1026 1178 comitiorum
1042 1134 1181 1180 suorum
1191 1116 1325 1180 nuntios

230 1212 480 1294 operiebantur3
504 1212 564 1276 alii
587 1232 668 1277 sane
692 1212 871 1295 pervigiles
897 1219 929 1278 et
954 1214 1138 1290 insomnes,
1162 1215 1223 1280 sed
1240 1215 1328 1280 intra

229 1313 356 1378 cubilia
371 1333 435 1379 sua
447 1315 516 1380 illis
530 1314 615 1398 ipsis
636 1315 845 1393 consulibus,
861 1335 882 1378 a
896 1317 1018 1398 quibus
1033 1317 1193 1380 consules
1206 1335 1327 1380 renun-

230 1415 414 1494 tiabantur,
438 1417 542 1482 exilia
566 1424 600 1483 et
622 1417 748 1482 caedem
773 1415 1073 1482 machinabantur?
1116 1420 1149 1483 4.
1174 1402 1327 1501 Oprava

230 1523 265 1584 et
276 1519 385 1583 inscia
407 1539 494 1596 uerae
508 1519 702 1603 majestatis
728 1518 881 1597 ambitio,
905 1520 1144 1602 concupiscere
1158 1519 1327 1592 honorem,
1432 1513 1436 1522 '

230 1637 326 1701 quem
351 1619 557 1703 de'rfigneris3
588 1620 774 1702 dedignari,
799 1639 897 1703 quem
919 1619 1156 1702 concupieris:
1180 1639 1326 1703 cumque

230 1735 275 1782 ex
290 1719 451 1801 proximis
466 1721 593 1786 hortis⁸
618 1742 771 1805 campum
788 1729 822 1786 et
837 1722 973 1787 comitia
990 1727 1199 1804 prospectes,
1217 1723 1267 1786 sic
1283 1722 1327 1786 ab

230 1818 299 1886 illis
308 1822 438 1902 abesse,
448 1829 604 1908 tanquam
618 1825 777 1890 Danubio
790 1824 977 1907 Rhenoque
990 1823 1161 1890 dirimere!
1176 1826 1207 1890 5.
1220 1821 1328 1888 Auer-

231 2121 294 2180 bosi.
326 2121 379 2171 Pro
395 2125 550 2185 mirarentur,
566 2123 678 2188 Guelpb.
690 2125 797 2175 exhibet
808 2124 1011 2174 minorantem-2
1030 2123 1093 2174 cod.
1106 2125 1200 2174 Pater.
1219 2130 1246 2174 et
1264 2127 1330 2176 lixo.

231 2186 308 2234 Voss.
323 2193 499 2248 perpessueesl.
532 2189 741 2251 Momentumque
755 2205 780 2238 es
796 2189 854 2238 edd,
869 2189 1004 2251 Goerrtng.
1022 2198 1049 2236 et
1066 2189 1150 2238 Haek.
1168 2193 1291 2254 consulque
1309 2192 1331 2240 si

225 2247 308 2309 fectus
318 2264 343 2298 es
353 2250 496 2299 Celtae-a
514 2251 577 2300 Cod.
590 2253 680 2302 Patav.
693 2261 720 2301 et
733 2255 796 2302 Exn.
807 2254 881 2301 Voss.
891 2259 934 2302 cut
944 2254 1088 2302 consulatum
1098 2254 1180 2302 babuit
1197 2269 1212 2302 n
1228 2257 1329 2318 populor

230 2311 403 2363 Sennarrian.
422 2322 464 2364 out
482 2318 628 2366 consulatum
646 2316 739 2377 tabuit,
757 2321 799 2364 nrt
815 2319 907 2380 populo.
941 2318 1013 2372 Mox,
1032 2319 1107 2367 codd.
1127 2319 1200 2366 Van.
1219 2322 1243 2366 2.
1261 2323 1285 2368 8.
1303 2323 1329 2368 t.

230 2377 526 2440 Guelph.Sclrwarsian·
546 2382 638 2430 Pater.
659 2387 686 2430 et
704 2383 770 2430 lixo.
790 2381 866 2430 Voss.
887 2383 951 2430 Nnm
966 2381 1010 2430 clii
1026 2381 1133 2430 marcidi.
1167 2380 1331 2432 connum.

231 2442 385 2508 iresternoque
395 2459 471 2494 sceno.
500 2445 614 2509 Deinde,
626 2445 691 2508 lraee,
702 2446 810 2495 exitiost
822 2447 908 2496 coedem
919 2446 1121 2503 moclririnbontar,
1132 2445 1224 2494 desunt
1235 2446 1260 2494 in
1273 2447 1330 2495 cod.

230 2504 374 2556 Petam—l
391 2508 529 2559 Nonnullae
542 2510 602 2560 edd.
617 2525 685 2573 quem
695 2510 842 2573 concupiscas
850 2527 860 2568 ,·
881 2511 996 2572 plurimus
1010 2525 1079 2566 vero,
1099 2524 1165 2573 quem
1175 2511 1329 2573 concupieris.

232 2569 298 2620 cod.
310 2572 405 2622 Patav.
422 2589 517 2638 cumque
535 2581 559 2624 et
575 2575 699 2638 prasinus,
725 2577 820 2624 Vener.
832 2581 856 2624 2.
866 2583 893 2623 et
905 2575 1072 2624 Schwnrzian.
1083 2575 1178 2624 comitia
1189 2581 1330 2638 perspector.

231 2633 324 2689 Peter.
335 2637 460 2702 litemque
470 2639 578 2690 derisere
585 2655 595 2698 ;
611 2640 653 2690 ed.
664 2639 750 2690 Lirin.
764 2641 797 2690 li.
807 2638 936 2697 diripuere,⁸
956 2639 1040 2689 Lirin.
1051 2639 1119 2704 conj.
1132 2639 1164 2688 R.
1173 2639 1311 2689 dirimerem
1318 2655 1328 2697 ,·

729 2799 837 2847 NOTAE

265 2915 277 2942 ⁶
291 2907 387 2971 Vetere]
398 2908 500 2970 Nempe
511 2908 632 2972 quamdiu
643 2914 697 2958 tum
708 2924 761 2958 rna·
801 2923 833 2957 ne
845 2909 941 2971 habita,
957 2907 1068 2972 eligendi
1085 2915 1169 2967 erant,
1189 2924 1250 2974 quos
1268 2911 1332 2962 lubi·

233 2983 357 3048 gistrstns
374 2984 416 3034 bic
433 2984 515 3034 libare
532 2985 624 3040 creati,
635 2991 688 3034 tum
700 2986 760 3034 latae
802 2989 856 3032 tum
869 2993 938 3033 esset
951 2984 1123 3047 principibus.

233 3067 279 3110 sut
290 3059 431 3123 abrogatas,
441 3074 473 3109 es
486 3061 573 3124 populi
584 3060 681 3125 placito
692 3061 762 3122 leges
836 3057 845 3092 f
860 3061 924 3117 Ques
940 3061 1006 3121 sacis
1027 3059 1143 3122 corcaien]
1167 3061 1222 3112 Jul.
1244 3063 1331 3110 Cesar

232 3133 349 3186 fuerunt.
374 3137 512 3186 *Extremis
525 3151 585 3186 sero
602 3137 761 3200 temporibus
796 3137 840 3200 jus
852 3137 959 3186 creandi
972 3137 1085 3186 consulis
1101 3151 1115 3184 a
1132 3136 1228 3198 populo
1248 3142 1332 3185 toturn

235 3213 308 3282 qnasi
325 3213 479 3262 ‘servitutis
492 3213 586 3263 sedes)
802 3213 827 3261 in
850 3227 878 3261 se
901 3212 1044 3274 transtulit,
1067 3210 1150 3260 donec
1169 3211 1331 3260 comitiorum

266 3288 278 3323 ‘¹
291 3288 403 3352 Carmen]
416 3289 468 3338 llic
480 3304 528 3353 pro
538 3289 638 3338 solenni
649 3288 761 3354 quadam
801 3303 871 3338 more
883 3297 1005 3339 revocato
1023 3287 1140 3350 Caligula
1151 3301 1225 3335 suurn
1237 3287 1332 3350 populo

234 3377 317 3429 seque
329 3365 406 3428 longa
417 3364 591 3428 precationum
600 3363 711 3414 formula
720 3381 761 3414 su·
798 3365 842 3429 jus
854 3364 977 3415 reddidit.
996 3364 1126 3414 Extremis
1138 3377 1198 3412 sero
1210 3363 1333 3427 reipubli-

234 3441 323 3500 mitur,
339 3454 390 3504 qne
407 3439 567 3490 comitiorum
586 3454 691 3503 praeses,
707 3441 762 3490 sire
804 3456 843 3491 cae
855 3442 1024 3504 temporibus,
1033 3447 1062 3490 ut
1075 3441 1158 3504 eliqua
1169 3440 1259 3489 saltem
1270 3440 1334 3503 pris·

234 3516 257 3569 is
268 3515 367 3576 consul,
377 3515 431 3564 sive
442 3515 551 3566 absente
566 3515 765 3566 eonsulediete·
805 3531 842 3566 cre
860 3517 990 3566 libertatis
1002 3516 1091 3566 umbra
1109 3520 1188 3577 esset,
1202 3516 1333 3565 consulem

236 3602 277 3645 tor
289 3599 334 3644 ant
342 3593 457 3643 interrex
468 3599 545 3649 esset,
556 3609 570 3642 a
580 3594 635 3644 Diis
647 3593 764 3658 petebat,
805 3593 831 3642 iu
849 3593 961 3642 comitiis
981 3593 1124 3656 imperator
1143 3599 1188 3641 ant
1207 3605 1335 3655 propone.

235 3677 265 3722 nt
276 3669 397 3736 quicquid
410 3668 601 3720 decernendum
613 3675 693 3732 esset,
705 3669 764 3735 sibi,
805 3671 860 3736 bat,
871 3677 925 3735 aut,
936 3671 957 3721 si
970 3673 1082 3732 abesset,
1091 3669 1200 3734 proponi
1208 3669 1334 3733 jubebant

234 3745 406 3812 magistratui,
416 3745 525 3810 senatui,
537 3747 683 3812 populoque
696 3746 762 3798 bene
806 3749 916 3812 populus
927 3745 1047 3811 suffragio
1059 3761 1113 3797 rem
1125 3752 1206 3796 totam
1217 3761 1335 3811 compro·v

236 3837 269 3874 sc
285 3821 398 3872 feliciter
409 3827 533 3871 verteret.
805 3824 891 3874 babet.

269 3897 411 3959 ⁸Necjeru
430 3897 587 3961 irridendum]
607 3898 675 3950 Quid
696 3900 765 3948 enim
838 3899 966 3962 chrtir]
984 3897 1145 3963 Agrippinae,
1162 3912 1226 3964 qnos
1246 3897 1334 3959 Caius,

236 3975 373 4026 ridendum
388 3974 468 4038 magis
487 3987 562 4036 quern
581 3988 652 4023 mora
670 3974 722 4032 illa,
737 3981 765 4025 et
805 3984 834 4027 et
849 3977 892 4027 stit
904 3975 1012 4025 subinde
1026 3976 1195 4039 imperatores
1206 3988 1251 4024 suo
1263 3975 1344 4037 pale-¹

238 4050 270 4099 sd
281 4051 466 4114 exquirendam
477 4049 594 4097 Deorum
606 4049 764 4100 voluntatem
805 4053 841 4102 tio
853 4051 1005 4115 adjunxere,
1016 4051 1083 4100 unde
1091 4049 1204 4114 ¹patebat
1213 4061 1334 4113 prospec-

237 4124 432 4175 eccommodata
466 4123 602 4188 precatio?
637 4123 764 4188 siquidem
805 4128 1015 4190 turineampurn
1026 4123 1334 4191 Martium,nbieomitis

237 4200 310 4251 nulls
321 4202 493 4259 comitiorum,
506 4201 672 4267 Deorumque
685 4201 764 4254 ratic·
805 4201 977 4271 habebantur.
