<?xml version="1.0" encoding="UTF-8"?>
<!DOCTYPE html PUBLIC "-//W3C//DTD XHTML 1.0 Transitional//EN"
    "http://www.w3.org/TR/xhtml1/DTD/xhtml1-transitional.dtd">
<html xmlns="http://www.w3.org/1999/xhtml" xml:lang="en" lang="en">
 <head>
  <title>
</title>
<meta http-equiv="Content-Type" content="text/html;charset=utf-8" />
  <meta name='ocr-system' content='tesseract 3.04.00' />
  <meta name='ocr-capabilities' content='ocr_page ocr_carea ocr_par ocr_line ocrx_word'/>
</head>
<body>
  <div class='ocr_page' id='page_1' title='image "./panegyriciveter02baungoog_0203.png"; bbox 0 0 3112 4852; ppageno 0'>
   <div class='ocr_carea' id='block_1_1' title="bbox 251 385 989 453">
    <p class='ocr_par' dir='ltr' id='par_1_1' title="bbox 251 385 989 453">
     <span class='ocr_line' id='line_1_1' title="bbox 251 385 989 453; baseline -0.008 -3"><span class='ocrx_word' id='word_1_1' title='bbox 251 385 317 453; x_wconf 77' lang='grc'><strong>194</strong></span> <span class='ocrx_word' id='word_1_2' title='bbox 615 399 649 448; x_wconf 90' lang='lat' dir='ltr'><strong>c.</strong></span> <span class='ocrx_word' id='word_1_3' title='bbox 678 397 799 447; x_wconf 79' lang='lat' dir='ltr'><strong>aurun</strong></span> <span class='ocrx_word' id='word_1_4' title='bbox 823 397 989 448; x_wconf 83' lang='lat' dir='ltr'><strong>sncunur</strong></span> 
     </span>
    </p>
   </div>
   <div class='ocr_carea' id='block_1_2' title="bbox 185 531 1353 1738">
    <p class='ocr_par' dir='ltr' id='par_1_2' title="bbox 185 531 1353 1636">
     <span class='ocr_line' id='line_1_2' title="bbox 249 531 1352 623; baseline 0.004 -21"><span class='ocrx_word' id='word_1_5' title='bbox 249 535 455 623; x_wconf 78' lang='lat' dir='ltr'><strong>prceoipuam</strong></span> <span class='ocrx_word' id='word_1_6' title='bbox 479 533 686 616; x_wconf 84' lang='lat' dir='ltr'><strong>voluptatem</strong></span> <span class='ocrx_word' id='word_1_7' title='bbox 711 533 823 616; x_wconf 88' lang='lat' dir='ltr'><strong>operis</strong></span> <span class='ocrx_word' id='word_1_8' title='bbox 850 531 905 598; x_wconf 87' lang='lat' dir='ltr'><strong>sui</strong></span> <span class='ocrx_word' id='word_1_9' title='bbox 923 533 1115 616; x_wconf 82' lang='lat' dir='ltr'><strong>percepisse</strong></span> <span class='ocrx_word' id='word_1_10' title='bbox 1140 533 1352 606; x_wconf 78' lang='lat' dir='ltr'><strong>crediderim.</strong></span> 
     </span>
     <span class='ocr_line' id='line_1_3' title="bbox 249 635 1352 720; baseline -0.002 -16"><span class='ocrx_word' id='word_1_11' title='bbox 249 641 284 704; x_wconf 81' lang='lat'><strong>5.</strong></span> <span class='ocrx_word' id='word_1_12' title='bbox 299 638 349 703; x_wconf 92' lang='lat' dir='ltr'><strong>Ut</strong></span> <span class='ocrx_word' id='word_1_13' title='bbox 360 637 493 720; x_wconf 90' lang='lat' dir='ltr'><strong>quidem</strong></span> <span class='ocrx_word' id='word_1_14' title='bbox 509 635 629 700; x_wconf 86' lang='lat' dir='ltr'><strong>iisdem</strong></span> <span class='ocrx_word' id='word_1_15' title='bbox 640 635 792 718; x_wconf 84' lang='lat' dir='ltr'><strong>vestigiis</strong></span> <span class='ocrx_word' id='word_1_16' title='bbox 801 635 962 713; x_wconf 85' lang='lat' dir='ltr'><strong>institisti,</strong></span> <span class='ocrx_word' id='word_1_17' title='bbox 975 635 1100 718; x_wconf 90' lang='lat' dir='ltr'><strong>quibus</strong></span> <span class='ocrx_word' id='word_1_18' title='bbox 1113 654 1232 718; x_wconf 88' lang='lat' dir='ltr'><strong>parens</strong></span> <span class='ocrx_word' id='word_1_19' title='bbox 1245 645 1352 702; x_wconf 67' lang='lat' dir='ltr'><strong>tuus?</strong></span> 
     </span>
     <span class='ocr_line' id='line_1_4' title="bbox 250 738 1351 823; baseline -0.003 -18"><span class='ocrx_word' id='word_1_20' title='bbox 250 743 366 823; x_wconf 85' lang='lat' dir='ltr'><strong>iugens</strong></span> <span class='ocrx_word' id='word_1_21' title='bbox 381 739 463 806; x_wconf 90' lang='lat' dir='ltr'><strong>illud</strong></span> <span class='ocrx_word' id='word_1_22' title='bbox 479 739 626 802; x_wconf 88' lang='lat' dir='ltr'><strong>Deorum</strong></span> <span class='ocrx_word' id='word_1_23' title='bbox 639 738 833 820; x_wconf 82' lang='lat' dir='ltr'><strong>prolaturus</strong></span> <span class='ocrx_word' id='word_1_24' title='bbox 846 755 1024 816; x_wconf 80' lang='lat' dir='ltr'><strong>urceuum3</strong></span> <span class='ocrx_word' id='word_1_25' title='bbox 1046 757 1122 822; x_wconf 86' lang='lat' dir='ltr'><strong>quae</strong></span> <span class='ocrx_word' id='word_1_26' title='bbox 1134 738 1351 804; x_wconf 82' lang='lat' dir='ltr'><strong>circumstan-</strong></span> 
     </span>
     <span class='ocr_line' id='line_1_5' title="bbox 251 839 1350 926; baseline -0.001 -19"><span class='ocrx_word' id='word_1_27' title='bbox 251 845 336 908; x_wconf 90' lang='lat' dir='ltr'><strong>tium</strong></span> <span class='ocrx_word' id='word_1_28' title='bbox 352 841 493 926; x_wconf 83' lang='lat' dir='ltr'><strong>gaudia!</strong></span> <span class='ocrx_word' id='word_1_29' title='bbox 516 859 614 923; x_wconf 83' lang='lat' dir='ltr'><strong>quarn</strong></span> <span class='ocrx_word' id='word_1_30' title='bbox 630 858 745 904; x_wconf 89' lang='lat' dir='ltr'><strong>recens</strong></span> <span class='ocrx_word' id='word_1_31' title='bbox 762 840 923 903; x_wconf 77' lang='lat' dir='ltr'><strong>clamort‘¹</strong></span> <span class='ocrx_word' id='word_1_32' title='bbox 946 858 1047 921; x_wconf 82' lang='lat' dir='ltr'><strong>quem</strong></span> <span class='ocrx_word' id='word_1_33' title='bbox 1065 839 1183 904; x_wconf 88' lang='lat' dir='ltr'><strong>similis</strong></span> <span class='ocrx_word' id='word_1_34' title='bbox 1198 839 1248 904; x_wconf 92' lang='lat' dir='ltr'><strong>illi</strong></span> <span class='ocrx_word' id='word_1_35' title='bbox 1262 841 1350 919; x_wconf 89' lang='lat' dir='ltr'><strong>dies,</strong></span> 
     </span>
     <span class='ocr_line' id='line_1_6' title="bbox 185 941 1352 1029; baseline -0.001 -21"><span class='ocrx_word' id='word_1_36' title='bbox 185 967 194 984; x_wconf 94' lang='lat'><strong>·</strong></span> <span class='ocrx_word' id='word_1_37' title='bbox 251 945 309 1029; x_wconf 91' lang='lat' dir='ltr'><strong>qui</strong></span> <span class='ocrx_word' id='word_1_38' title='bbox 322 943 410 1008; x_wconf 83' lang='lat' dir='ltr'><strong>hunc</strong></span> <span class='ocrx_word' id='word_1_39' title='bbox 425 942 559 1026; x_wconf 83' lang='lat' dir='ltr'><strong>gonuit¹</strong></span> <span class='ocrx_word' id='word_1_40' title='bbox 571 941 676 1006; x_wconf 89' lang='lat' dir='ltr'><strong>diem!</strong></span> <span class='ocrx_word' id='word_1_41' title='bbox 699 949 739 1005; x_wconf 90' lang='lat' dir='ltr'><strong>ut</strong></span> <span class='ocrx_word' id='word_1_42' title='bbox 754 942 855 1024; x_wconf 86' lang='lat' dir='ltr'><strong>plena</strong></span> <span class='ocrx_word' id='word_1_43' title='bbox 865 941 1054 1018; x_wconf 75' lang='lat' dir='ltr'><strong>altaribus:</strong></span> <span class='ocrx_word' id='word_1_44' title='bbox 1069 950 1204 1026; x_wconf 84' lang='lat' dir='ltr'><strong>ungusta</strong></span> <span class='ocrx_word' id='word_1_45' title='bbox 1216 941 1352 1007; x_wconf 80' lang='lat' dir='ltr'><strong>victimis</strong></span> 
     </span>
     <span class='ocr_line' id='line_1_7' title="bbox 252 1039 1352 1110; baseline -0.001 0"><span class='ocrx_word' id='word_1_46' title='bbox 252 1045 386 1110; x_wconf 80' lang='lat' dir='ltr'><strong>cuncta!</strong></span> <span class='ocrx_word' id='word_1_47' title='bbox 406 1046 491 1108; x_wconf 89' lang='lat' dir='ltr'><strong>utin</strong></span> <span class='ocrx_word' id='word_1_48' title='bbox 507 1039 723 1108; x_wconf 81' lang='lat' dir='ltr'><strong>uniussulnte</strong></span> <span class='ocrx_word' id='word_1_49' title='bbox 746 1043 872 1108; x_wconf 77' lang='lat' dir='ltr'><strong>collata</strong></span> <span class='ocrx_word' id='word_1_50' title='bbox 896 1043 1045 1107; x_wconf 90' lang='lat' dir='ltr'><strong>omniurn</strong></span> <span class='ocrx_word' id='word_1_51' title='bbox 1064 1040 1166 1107; x_wconf 82' lang='lat' dir='ltr'><strong>votat</strong></span> <span class='ocrx_word' id='word_1_52' title='bbox 1191 1063 1267 1108; x_wconf 89' lang='lat' dir='ltr'><strong>curo</strong></span> <span class='ocrx_word' id='word_1_53' title='bbox 1284 1045 1352 1110; x_wconf 89' lang='lat' dir='ltr'><strong>sibi</strong></span> 
     </span>
     <span class='ocr_line' id='line_1_8' title="bbox 251 1144 1352 1228; baseline -0.001 -16"><span class='ocrx_word' id='word_1_54' title='bbox 251 1168 301 1225; x_wconf 89' lang='lat' dir='ltr'><strong>se,</strong></span> <span class='ocrx_word' id='word_1_55' title='bbox 317 1167 359 1212; x_wconf 88' lang='lat' dir='ltr'><strong>ac</strong></span> <span class='ocrx_word' id='word_1_56' title='bbox 372 1146 488 1212; x_wconf 87' lang='lat' dir='ltr'><strong>liberis</strong></span> <span class='ocrx_word' id='word_1_57' title='bbox 503 1145 583 1223; x_wconf 84' lang='lat' dir='ltr'><strong>suis,</strong></span> <span class='ocrx_word' id='word_1_58' title='bbox 598 1144 821 1227; x_wconf 85' lang='lat' dir='ltr'><strong>intelligerent</strong></span> <span class='ocrx_word' id='word_1_59' title='bbox 839 1144 981 1228; x_wconf 87' lang='lat' dir='ltr'><strong>precari,</strong></span> <span class='ocrx_word' id='word_1_60' title='bbox 1003 1163 1080 1226; x_wconf 84' lang='lat' dir='ltr'><strong>quae</strong></span> <span class='ocrx_word' id='word_1_61' title='bbox 1099 1163 1160 1226; x_wconf 91' lang='lat' dir='ltr'><strong>pro</strong></span> <span class='ocrx_word' id='word_1_62' title='bbox 1180 1148 1213 1208; x_wconf 90' lang='lat' dir='ltr'><strong>te</strong></span> <span class='ocrx_word' id='word_1_63' title='bbox 1233 1165 1352 1228; x_wconf 86' lang='lat' dir='ltr'><strong>preca-</strong></span> 
     </span>
     <span class='ocr_line' id='line_1_9' title="bbox 250 1245 1352 1332; baseline -0.005 -16"><span class='ocrx_word' id='word_1_64' title='bbox 250 1257 374 1317; x_wconf 89' lang='lat' dir='ltr'><strong>rentur.</strong></span> <span class='ocrx_word' id='word_1_65' title='bbox 418 1249 450 1313; x_wconf 89' lang='lat'><strong>6.</strong></span> <span class='ocrx_word' id='word_1_66' title='bbox 476 1248 559 1313; x_wconf 90' lang='lat' dir='ltr'><strong>Inde</strong></span> <span class='ocrx_word' id='word_1_67' title='bbox 586 1255 624 1312; x_wconf 92' lang='lat' dir='ltr'><strong>tu</strong></span> <span class='ocrx_word' id='word_1_68' title='bbox 652 1247 685 1311; x_wconf 95' lang='lat' dir='ltr'><strong>in</strong></span> <span class='ocrx_word' id='word_1_69' title='bbox 708 1247 890 1332; x_wconf 71' lang='lat' dir='ltr'><strong>palatium‘</strong></span> <span class='ocrx_word' id='word_1_70' title='bbox 911 1246 1066 1330; x_wconf 78' lang='lat' dir='ltr'><strong>quidem3</strong></span> <span class='ocrx_word' id='word_1_71' title='bbox 1088 1245 1149 1310; x_wconf 85' lang='lat' dir='ltr'><strong>sed</strong></span> <span class='ocrx_word' id='word_1_72' title='bbox 1174 1266 1217 1311; x_wconf 93' lang='lat' dir='ltr'><strong>eo</strong></span> <span class='ocrx_word' id='word_1_73' title='bbox 1243 1249 1352 1326; x_wconf 87' lang='lat' dir='ltr'><strong>vultu,</strong></span> 
     </span>
     <span class='ocr_line' id='line_1_10' title="bbox 252 1348 1352 1433; baseline -0.005 -13"><span class='ocrx_word' id='word_1_74' title='bbox 252 1353 314 1420; x_wconf 86' lang='lat' dir='ltr'><strong>sed</strong></span> <span class='ocrx_word' id='word_1_75' title='bbox 337 1371 377 1416; x_wconf 80' lang='lat' dir='ltr'><strong>ea</strong></span> <span class='ocrx_word' id='word_1_76' title='bbox 401 1350 642 1429; x_wconf 85' lang='lat' dir='ltr'><strong>moderatione,</strong></span> <span class='ocrx_word' id='word_1_77' title='bbox 657 1357 696 1415; x_wconf 90' lang='lat' dir='ltr'><strong>ut</strong></span> <span class='ocrx_word' id='word_1_78' title='bbox 717 1351 747 1414; x_wconf 89' lang='lat' dir='ltr'><strong>si</strong></span> <span class='ocrx_word' id='word_1_79' title='bbox 765 1351 935 1433; x_wconf 80' lang='lat' dir='ltr'><strong>privatam</strong></span> <span class='ocrx_word' id='word_1_80' title='bbox 954 1348 1089 1412; x_wconf 91' lang='lat' dir='ltr'><strong>domum</strong></span> <span class='ocrx_word' id='word_1_81' title='bbox 1113 1353 1264 1431; x_wconf 86' lang='lat' dir='ltr'><strong>peteres;</strong></span> <span class='ocrx_word' id='word_1_82' title='bbox 1294 1369 1352 1414; x_wconf 90' lang='lat' dir='ltr'><strong>ce-</strong></span> 
     </span>
     <span class='ocr_line' id='line_1_11' title="bbox 250 1450 1353 1537; baseline -0.004 -15"><span class='ocrx_word' id='word_1_83' title='bbox 250 1457 312 1522; x_wconf 88' lang='lat' dir='ltr'><strong>teri</strong></span> <span class='ocrx_word' id='word_1_84' title='bbox 335 1455 378 1519; x_wconf 87' lang='lat' dir='ltr'><strong>ad</strong></span> <span class='ocrx_word' id='word_1_85' title='bbox 398 1459 540 1537; x_wconf 83' lang='lat' dir='ltr'><strong>penates</strong></span> <span class='ocrx_word' id='word_1_86' title='bbox 557 1460 664 1530; x_wconf 74' lang='lat' dir='ltr'><strong>suos,u</strong></span> <span class='ocrx_word' id='word_1_87' title='bbox 689 1451 834 1536; x_wconf 87' lang='lat' dir='ltr'><strong>quisque</strong></span> <span class='ocrx_word' id='word_1_88' title='bbox 848 1452 1025 1516; x_wconf 83' lang='lat' dir='ltr'><strong>iteraturus</strong></span> <span class='ocrx_word' id='word_1_89' title='bbox 1039 1450 1152 1533; x_wconf 79' lang='lat' dir='ltr'><strong>gaudii</strong></span> <span class='ocrx_word' id='word_1_90' title='bbox 1168 1450 1280 1530; x_wconf 87' lang='lat' dir='ltr'><strong>fidem,</strong></span> <span class='ocrx_word' id='word_1_91' title='bbox 1294 1454 1353 1518; x_wconf 91' lang='lat' dir='ltr'><strong>ubi</strong></span> 
     </span>
     <span class='ocr_line' id='line_1_12' title="bbox 252 1554 812 1636; baseline -0.011 -14"><span class='ocrx_word' id='word_1_92' title='bbox 252 1557 349 1624; x_wconf 87' lang='lat' dir='ltr'><strong>nulla</strong></span> <span class='ocrx_word' id='word_1_93' title='bbox 361 1556 547 1622; x_wconf 81' lang='lat' dir='ltr'><strong>necessitas</strong></span> <span class='ocrx_word' id='word_1_94' title='bbox 563 1554 730 1636; x_wconf 83' lang='lat' dir='ltr'><strong>gaudendi</strong></span> <span class='ocrx_word' id='word_1_95' title='bbox 746 1559 812 1618; x_wconf 88' lang='lat' dir='ltr'><strong>est.</strong></span> 
     </span>
    </p>

    <p class='ocr_par' dir='ltr' id='par_1_3' title="bbox 294 1645 1351 1738">
     <span class='ocr_line' id='line_1_13' title="bbox 294 1645 1351 1738; baseline -0.003 -13"><span class='ocrx_word' id='word_1_96' title='bbox 294 1661 385 1725; x_wconf 78' lang='lat' dir='ltr'><strong>Car.</strong></span> <span class='ocrx_word' id='word_1_97' title='bbox 403 1674 516 1722; x_wconf 81' lang='lat' dir='ltr'><strong>xxiv.</strong></span> <span class='ocrx_word' id='word_1_98' title='bbox 559 1657 591 1721; x_wconf 94' lang='lat'><strong>1.</strong></span> <span class='ocrx_word' id='word_1_99' title='bbox 615 1645 823 1720; x_wconf 75' lang='lat' dir='ltr'><strong>Onere&#39;sset·</strong></span> <span class='ocrx_word' id='word_1_100' title='bbox 847 1656 947 1720; x_wconf 84' lang='lat' dir='ltr'><strong>elium</strong></span> <span class='ocrx_word' id='word_1_101' title='bbox 975 1654 1144 1738; x_wconf 89' lang='lat' dir='ltr'><strong>ejusmodi</strong></span> <span class='ocrx_word' id='word_1_102' title='bbox 1171 1654 1351 1738; x_wconf 88' lang='lat' dir='ltr'><strong>introitus;</strong></span> 
     </span>
    </p>
   </div>
   <div class='ocr_carea' id='block_1_3' title="bbox 706 1813 892 1837">
    <p class='ocr_par' dir='ltr' id='par_1_4' title="bbox 706 1813 892 1837">
     <span class='ocr_line' id='line_1_14' title="bbox 706 1813 892 1837; baseline 0.011 -2"><span class='ocrx_word' id='word_1_103' title='bbox 706 1813 892 1837; x_wconf 61' lang='lat' dir='ltr'><strong>OOOMONJO</strong></span> 
     </span>
    </p>
   </div>
   <div class='ocr_carea' id='block_1_4' title="bbox 249 1897 1357 3057">
    <p class='ocr_par' dir='ltr' id='par_1_5' title="bbox 249 1897 1357 2992">
     <span class='ocr_line' id='line_1_15' title="bbox 251 1897 1353 1962; baseline 0 -11"><span class='ocrx_word' id='word_1_104' title='bbox 251 1907 266 1951; x_wconf 79' lang='lat'><strong>⁶</strong></span> <span class='ocrx_word' id='word_1_105' title='bbox 285 1901 380 1952; x_wconf 77' lang='lat' dir='ltr'><strong>Pctus.</strong></span> <span class='ocrx_word' id='word_1_106' title='bbox 397 1904 425 1949; x_wconf 85' lang='lat' dir='ltr'><strong>et</strong></span> <span class='ocrx_word' id='word_1_107' title='bbox 441 1897 559 1948; x_wconf 85' lang='lat' dir='ltr'><strong>Siclrsrd.</strong></span> <span class='ocrx_word' id='word_1_108' title='bbox 575 1899 711 1961; x_wconf 76' lang='lat' dir='ltr'><strong>ploraturus</strong></span> <span class='ocrx_word' id='word_1_109' title='bbox 726 1914 856 1959; x_wconf 65' lang='lat' dir='ltr'><strong>nemum</strong></span> <span class='ocrx_word' id='word_1_110' title='bbox 868 1913 944 1962; x_wconf 85' lang='lat' dir='ltr'><strong>qnsrn</strong></span> <span class='ocrx_word' id='word_1_111' title='bbox 955 1900 1015 1949; x_wconf 84' lang='lat' dir='ltr'><strong>lect</strong></span> <span class='ocrx_word' id='word_1_112' title='bbox 1030 1898 1057 1948; x_wconf 90' lang='lat' dir='ltr'><strong>in</strong></span> <span class='ocrx_word' id='word_1_113' title='bbox 1069 1899 1187 1961; x_wconf 76' lang='lat' dir='ltr'><strong>margine</strong></span> <span class='ocrx_word' id='word_1_114' title='bbox 1203 1897 1304 1947; x_wconf 81' lang='lat' dir='ltr'><strong>notavit</strong></span> <span class='ocrx_word' id='word_1_115' title='bbox 1316 1899 1353 1951; x_wconf 87' lang='grc' dir='ltr'><strong>Η.</strong></span> 
     </span>
     <span class='ocr_line' id='line_1_16' title="bbox 251 1963 1354 2029; baseline -0.003 -13"><span class='ocrx_word' id='word_1_116' title='bbox 251 1965 341 2029; x_wconf 73' lang='lat' dir='ltr'><strong>steph.</strong></span> <span class='ocrx_word' id='word_1_117' title='bbox 375 1963 451 2026; x_wconf 83' lang='lat' dir='ltr'><strong>Mox,</strong></span> <span class='ocrx_word' id='word_1_118' title='bbox 470 1964 573 2026; x_wconf 75' lang='lat' dir='ltr'><strong>Lipsius</strong></span> <span class='ocrx_word' id='word_1_119' title='bbox 592 1965 674 2025; x_wconf 86' lang='lat' dir='ltr'><strong>ruslit,</strong></span> <span class='ocrx_word' id='word_1_120' title='bbox 691 1963 830 2014; x_wconf 69' lang='lat' dir='ltr'><strong>sinduitti</strong></span> <span class='ocrx_word' id='word_1_121' title='bbox 846 1965 904 2025; x_wconf 81' lang='lat' dir='ltr'><strong>disi,</strong></span> <span class='ocrx_word' id='word_1_122' title='bbox 921 1965 961 2025; x_wconf 81' lang='lat' dir='ltr'><strong>qui</strong></span> <span class='ocrx_word' id='word_1_123' title='bbox 975 1964 1135 2025; x_wconf 73' lang='lat' dir='ltr'><strong>hunegundi</strong></span> <span class='ocrx_word' id='word_1_124' title='bbox 1148 1963 1207 2012; x_wconf 85' lang='lat' dir='ltr'><strong>diss.</strong></span> <span class='ocrx_word' id='word_1_125' title='bbox 1241 1964 1313 2025; x_wconf 83' lang='lat' dir='ltr'><strong>Lips.</strong></span> <span class='ocrx_word' id='word_1_126' title='bbox 1324 1973 1354 2013; x_wconf 84' lang='lat' dir='ltr'><strong>et</strong></span> 
     </span>
     <span class='ocr_line' id='line_1_17' title="bbox 252 2027 1354 2092; baseline -0.004 -11"><span class='ocrx_word' id='word_1_127' title='bbox 252 2031 311 2081; x_wconf 87' lang='lat' dir='ltr'><strong>Nic.</strong></span> <span class='ocrx_word' id='word_1_128' title='bbox 328 2029 452 2078; x_wconf 76' lang='lat' dir='ltr'><strong>Heinsius</strong></span> <span class='ocrx_word' id='word_1_129' title='bbox 461 2028 531 2090; x_wconf 88' lang='lat' dir='ltr'><strong>conj.</strong></span> <span class='ocrx_word' id='word_1_130' title='bbox 542 2043 612 2090; x_wconf 77' lang='lat' dir='ltr'><strong>quom</strong></span> <span class='ocrx_word' id='word_1_131' title='bbox 621 2042 704 2090; x_wconf 79' lang='lat' dir='ltr'><strong>repens</strong></span> <span class='ocrx_word' id='word_1_132' title='bbox 714 2031 811 2090; x_wconf 79' lang='lat' dir='ltr'><strong>sturnor,</strong></span> <span class='ocrx_word' id='word_1_133' title='bbox 822 2031 862 2090; x_wconf 67' lang='lat' dir='ltr'><strong>tu.</strong></span> <span class='ocrx_word' id='word_1_134' title='bbox 879 2027 969 2077; x_wconf 73' lang='lat' dir='ltr'><strong>druis.</strong></span> <span class='ocrx_word' id='word_1_135' title='bbox 981 2043 1050 2091; x_wconf 78' lang='lat' dir='ltr'><strong>quom</strong></span> <span class='ocrx_word' id='word_1_136' title='bbox 1059 2029 1182 2092; x_wconf 74' lang='lat' dir='ltr'><strong>frequens.</strong></span> <span class='ocrx_word' id='word_1_137' title='bbox 1200 2028 1294 2077; x_wconf 80' lang='lat' dir='ltr'><strong>Pater.</strong></span> <span class='ocrx_word' id='word_1_138' title='bbox 1310 2043 1354 2077; x_wconf 82' lang='lat' dir='ltr'><strong>nu·</strong></span> 
     </span>
     <span class='ocr_line' id='line_1_18' title="bbox 249 2092 1355 2156; baseline 0 -13"><span class='ocrx_word' id='word_1_139' title='bbox 249 2095 319 2156; x_wconf 70' lang='lat' dir='ltr'><strong>gusti</strong></span> <span class='ocrx_word' id='word_1_140' title='bbox 327 2093 439 2142; x_wconf 62' lang='lat' dir='ltr'><strong>mnne.</strong></span> <span class='ocrx_word' id='word_1_141' title='bbox 463 2093 552 2141; x_wconf 87' lang='lat' dir='ltr'><strong>Ceteri</strong></span> <span class='ocrx_word' id='word_1_142' title='bbox 563 2106 653 2141; x_wconf 84' lang='lat' dir='ltr'><strong>omnes</strong></span> <span class='ocrx_word' id='word_1_143' title='bbox 665 2092 742 2143; x_wconf 86' lang='lat' dir='ltr'><strong>codd.</strong></span> <span class='ocrx_word' id='word_1_144' title='bbox 752 2093 851 2142; x_wconf 81' lang='lat' dir='ltr'><strong>habeut</strong></span> <span class='ocrx_word' id='word_1_145' title='bbox 860 2098 971 2154; x_wconf 68' lang='lat' dir='ltr'><strong>omno.</strong></span> <span class='ocrx_word' id='word_1_146' title='bbox 995 2093 1003 2119; x_wconf 92' lang='lat'>‘</span> <span class='ocrx_word' id='word_1_147' title='bbox 1016 2093 1077 2142; x_wconf 90' lang='lat' dir='ltr'><strong>Non</strong></span> <span class='ocrx_word' id='word_1_148' title='bbox 1089 2101 1155 2148; x_wconf 80' lang='lat' dir='ltr'><strong>ersi,</strong></span> <span class='ocrx_word' id='word_1_149' title='bbox 1165 2106 1212 2140; x_wconf 89' lang='lat' dir='ltr'><strong>cur</strong></span> <span class='ocrx_word' id='word_1_150' title='bbox 1224 2092 1355 2143; x_wconf 79' lang='lat' dir='ltr'><strong>Schwsrs.</strong></span> 
     </span>
     <span class='ocr_line' id='line_1_19' title="bbox 252 2155 1355 2220; baseline -0.002 -14"><span class='ocrx_word' id='word_1_151' title='bbox 252 2167 280 2206; x_wconf 87' lang='lat' dir='ltr'><strong>et</strong></span> <span class='ocrx_word' id='word_1_152' title='bbox 290 2159 317 2210; x_wconf 89' lang='lat' dir='ltr'><strong>J.</strong></span> <span class='ocrx_word' id='word_1_153' title='bbox 330 2158 362 2206; x_wconf 88' lang='grc' dir='ltr'><strong>Α.</strong></span> <span class='ocrx_word' id='word_1_154' title='bbox 379 2157 484 2208; x_wconf 82' lang='lat' dir='ltr'><strong>Ernesti</strong></span> <span class='ocrx_word' id='word_1_155' title='bbox 500 2155 667 2214; x_wconf 84' lang='lat' dir='ltr'><strong>fluctnsreut,</strong></span> <span class='ocrx_word' id='word_1_156' title='bbox 679 2163 764 2206; x_wconf 85' lang='lat' dir='ltr'><strong>utrum</strong></span> <span class='ocrx_word' id='word_1_157' title='bbox 776 2162 879 2218; x_wconf 79' lang='lat' dir='ltr'><strong>angusta</strong></span> <span class='ocrx_word' id='word_1_158' title='bbox 891 2155 1043 2220; x_wconf 65' lang='lat' dir='ltr'><strong>preferens,</strong></span> <span class='ocrx_word' id='word_1_159' title='bbox 1061 2170 1092 2204; x_wconf 86' lang='lat' dir='ltr'><strong>sn</strong></span> <span class='ocrx_word' id='word_1_160' title='bbox 1105 2170 1163 2205; x_wconf 88' lang='lat' dir='ltr'><strong>cunr</strong></span> <span class='ocrx_word' id='word_1_161' title='bbox 1176 2155 1232 2205; x_wconf 87' lang='lat' dir='ltr'><strong>aliis</strong></span> <span class='ocrx_word' id='word_1_162' title='bbox 1242 2162 1355 2218; x_wconf 64' lang='lat' dir='ltr'><strong>omna.</strong></span> 
     </span>
     <span class='ocr_line' id='line_1_20' title="bbox 250 2219 1354 2286; baseline 0 -15"><span class='ocrx_word' id='word_1_163' title='bbox 250 2221 450 2271; x_wconf 85' lang='lat' dir='ltr'><strong>Multitudineui</strong></span> <span class='ocrx_word' id='word_1_164' title='bbox 464 2219 625 2271; x_wconf 82' lang='lat' dir='ltr'><strong>victimarum</strong></span> <span class='ocrx_word' id='word_1_165' title='bbox 637 2220 737 2270; x_wconf 86' lang='lat' dir='ltr'><strong>Plinius</strong></span> <span class='ocrx_word' id='word_1_166' title='bbox 748 2235 947 2271; x_wconf 86' lang='lat' dir='ltr'><strong>commemorare</strong></span> <span class='ocrx_word' id='word_1_167' title='bbox 960 2223 1024 2282; x_wconf 85' lang='lat' dir='ltr'><strong>vult,</strong></span> <span class='ocrx_word' id='word_1_168' title='bbox 1034 2235 1092 2286; x_wconf 77' lang='lat' dir='ltr'><strong>quaa</strong></span> <span class='ocrx_word' id='word_1_169' title='bbox 1105 2229 1179 2271; x_wconf 83' lang='lat' dir='ltr'><strong>tants</strong></span> <span class='ocrx_word' id='word_1_170' title='bbox 1190 2230 1256 2284; x_wconf 82' lang='lat' dir='ltr'><strong>erat,</strong></span> <span class='ocrx_word' id='word_1_171' title='bbox 1266 2229 1295 2270; x_wconf 88' lang='lat' dir='ltr'><strong>nt</strong></span> <span class='ocrx_word' id='word_1_172' title='bbox 1303 2237 1354 2271; x_wconf 90' lang='lat' dir='ltr'><strong>uou</strong></span> 
     </span>
     <span class='ocr_line' id='line_1_21' title="bbox 251 2283 1356 2348; baseline 0 -13"><span class='ocrx_word' id='word_1_173' title='bbox 251 2287 361 2335; x_wconf 84' lang='lat' dir='ltr'><strong>multum</strong></span> <span class='ocrx_word' id='word_1_174' title='bbox 384 2283 463 2347; x_wconf 85' lang='lat' dir='ltr'><strong>spatii</strong></span> <span class='ocrx_word' id='word_1_175' title='bbox 483 2285 691 2348; x_wconf 61' lang='lat' dir='ltr'><strong>relinqueretur?</strong></span> <span class='ocrx_word' id='word_1_176' title='bbox 710 2283 809 2346; x_wconf 67' lang='lat' dir='ltr'><strong>(lter-ig.</strong></span> <span class='ocrx_word' id='word_1_177' title='bbox 840 2287 934 2334; x_wconf 82' lang='lat' dir='ltr'><strong>Patsv.</strong></span> <span class='ocrx_word' id='word_1_178' title='bbox 952 2289 980 2333; x_wconf 82' lang='lat' dir='ltr'><strong>st</strong></span> <span class='ocrx_word' id='word_1_179' title='bbox 997 2285 1024 2333; x_wconf 81' lang='lat' dir='ltr'><strong>tn</strong></span> <span class='ocrx_word' id='word_1_180' title='bbox 1042 2285 1114 2334; x_wconf 78' lang='lat' dir='ltr'><strong>nnius</strong></span> <span class='ocrx_word' id='word_1_181' title='bbox 1128 2286 1205 2334; x_wconf 62' lang='lat' dir='ltr'><strong>salue</strong></span> <span class='ocrx_word' id='word_1_182' title='bbox 1223 2287 1335 2336; x_wconf 69' lang='lat' dir='ltr'><strong>rotberto</strong></span> <span class='ocrx_word' id='word_1_183' title='bbox 1345 2303 1356 2345; x_wconf 79' lang='lat'><strong>,-</strong></span> 
     </span>
     <span class='ocr_line' id='line_1_22' title="bbox 252 2347 1353 2412; baseline 0.001 -13"><span class='ocrx_word' id='word_1_184' title='bbox 252 2349 329 2400; x_wconf 88' lang='lat' dir='ltr'><strong>codd.</strong></span> <span class='ocrx_word' id='word_1_185' title='bbox 340 2351 415 2398; x_wconf 85' lang='lat' dir='ltr'><strong>Vatt.</strong></span> <span class='ocrx_word' id='word_1_186' title='bbox 432 2353 456 2398; x_wconf 91' lang='lat'><strong>1.</strong></span> <span class='ocrx_word' id='word_1_187' title='bbox 468 2352 493 2397; x_wconf 59' lang='grc' dir='ltr'><strong>ἢ.</strong></span> <span class='ocrx_word' id='word_1_188' title='bbox 505 2352 529 2396; x_wconf 78' lang='lat'><strong>³.</strong></span> <span class='ocrx_word' id='word_1_189' title='bbox 540 2354 566 2398; x_wconf 82' lang='lat' dir='ltr'><strong>t·</strong></span> <span class='ocrx_word' id='word_1_190' title='bbox 580 2347 665 2399; x_wconf 84' lang='lat' dir='ltr'><strong>Paris.</strong></span> <span class='ocrx_word' id='word_1_191' title='bbox 683 2349 796 2412; x_wconf 86' lang='lat' dir='ltr'><strong>Guelplr.</strong></span> <span class='ocrx_word' id='word_1_192' title='bbox 815 2351 880 2400; x_wconf 80' lang='lat' dir='ltr'><strong>Ere.</strong></span> <span class='ocrx_word' id='word_1_193' title='bbox 891 2350 967 2398; x_wconf 89' lang='lat' dir='ltr'><strong>Voss.</strong></span> <span class='ocrx_word' id='word_1_194' title='bbox 984 2349 1053 2398; x_wconf 90' lang='lat' dir='ltr'><strong>Gnd.</strong></span> <span class='ocrx_word' id='word_1_195' title='bbox 1068 2353 1092 2399; x_wconf 89' lang='lat'><strong>1.</strong></span> <span class='ocrx_word' id='word_1_196' title='bbox 1105 2353 1129 2399; x_wconf 79' lang='lat'><strong>2.</strong></span> <span class='ocrx_word' id='word_1_197' title='bbox 1146 2351 1243 2398; x_wconf 86' lang='lat' dir='ltr'><strong>Venet.</strong></span> <span class='ocrx_word' id='word_1_198' title='bbox 1256 2349 1353 2401; x_wconf 90' lang='lat' dir='ltr'><strong>Salisb.</strong></span> 
     </span>
     <span class='ocr_line' id='line_1_23' title="bbox 252 2413 1355 2478; baseline -0.002 -13"><span class='ocrx_word' id='word_1_199' title='bbox 252 2423 281 2465; x_wconf 85' lang='lat' dir='ltr'><strong>et</strong></span> <span class='ocrx_word' id='word_1_200' title='bbox 292 2413 464 2464; x_wconf 84' lang='lat' dir='ltr'><strong>Schwnrsian.</strong></span> <span class='ocrx_word' id='word_1_201' title='bbox 477 2413 556 2462; x_wconf 85' lang='lat' dir='ltr'><strong>etiarn</strong></span> <span class='ocrx_word' id='word_1_202' title='bbox 566 2414 658 2471; x_wconf 60' lang='lat' dir='ltr'><strong>solutu</strong></span> <span class='ocrx_word' id='word_1_203' title='bbox 675 2415 750 2463; x_wconf 79' lang='lat' dir='ltr'><strong>sisic</strong></span> <span class='ocrx_word' id='word_1_204' title='bbox 766 2429 854 2464; x_wconf 84' lang='lat' dir='ltr'><strong>ornnes</strong></span> <span class='ocrx_word' id='word_1_205' title='bbox 871 2415 976 2463; x_wconf 87' lang='lat' dir='ltr'><strong>omnino</strong></span> <span class='ocrx_word' id='word_1_206' title='bbox 991 2414 1051 2467; x_wconf 83' lang='lat' dir='ltr'><strong>edd.</strong></span> <span class='ocrx_word' id='word_1_207' title='bbox 1064 2422 1125 2463; x_wconf 81' lang='lat' dir='ltr'><strong>aute</strong></span> <span class='ocrx_word' id='word_1_208' title='bbox 1137 2413 1297 2468; x_wconf 84' lang='lat' dir='ltr'><strong>Siclrarduur,</strong></span> <span class='ocrx_word' id='word_1_209' title='bbox 1309 2417 1355 2478; x_wconf 77' lang='lat' dir='ltr'><strong>oui</strong></span> 
     </span>
     <span class='ocr_line' id='line_1_24' title="bbox 252 2478 1354 2542; baseline -0.002 -12"><span class='ocrx_word' id='word_1_210' title='bbox 252 2480 362 2530; x_wconf 77' lang='lat' dir='ltr'><strong>alteram</strong></span> <span class='ocrx_word' id='word_1_211' title='bbox 379 2480 441 2528; x_wconf 90' lang='lat' dir='ltr'><strong>lect.</strong></span> <span class='ocrx_word' id='word_1_212' title='bbox 462 2479 572 2538; x_wconf 65' lang='lat' dir='ltr'><strong>mutem,</strong></span> <span class='ocrx_word' id='word_1_213' title='bbox 590 2479 707 2541; x_wconf 84' lang='lat' dir='ltr'><strong>recepit;</strong></span> <span class='ocrx_word' id='word_1_214' title='bbox 725 2493 835 2542; x_wconf 75' lang='lat' dir='ltr'><strong>curruque</strong></span> <span class='ocrx_word' id='word_1_215' title='bbox 852 2481 933 2529; x_wconf 85' lang='lat' dir='ltr'><strong>secuti</strong></span> <span class='ocrx_word' id='word_1_216' title='bbox 954 2486 1013 2528; x_wconf 86' lang='lat' dir='ltr'><strong>sunt</strong></span> <span class='ocrx_word' id='word_1_217' title='bbox 1029 2479 1074 2527; x_wconf 88' lang='lat' dir='ltr'><strong>alii</strong></span> <span class='ocrx_word' id='word_1_218' title='bbox 1092 2478 1208 2528; x_wconf 88' lang='lat' dir='ltr'><strong>editores</strong></span> <span class='ocrx_word' id='word_1_219' title='bbox 1226 2480 1354 2542; x_wconf 75' lang='lat' dir='ltr'><strong>usquead</strong></span> 
     </span>
     <span class='ocr_line' id='line_1_25' title="bbox 251 2543 1355 2606; baseline -0.003 -12"><span class='ocrx_word' id='word_1_220' title='bbox 251 2544 378 2595; x_wconf 80' lang='lat' dir='ltr'><strong>Arutseu.</strong></span> <span class='ocrx_word' id='word_1_221' title='bbox 400 2545 500 2592; x_wconf 73' lang='lat' dir='ltr'><strong>mistos</strong></span> <span class='ocrx_word' id='word_1_222' title='bbox 516 2543 792 2593; x_wconf 81' lang='lat' dir='ltr'><strong>etism&#39;ernendaverat</strong></span> <span class='ocrx_word' id='word_1_223' title='bbox 803 2544 828 2592; x_wconf 93' lang='lat' dir='ltr'><strong>iu</strong></span> <span class='ocrx_word' id='word_1_224' title='bbox 841 2544 957 2606; x_wconf 78' lang='lat' dir='ltr'><strong>rnsrgine</strong></span> <span class='ocrx_word' id='word_1_225' title='bbox 974 2544 1014 2592; x_wconf 89' lang='lat' dir='ltr'><strong>sui</strong></span> <span class='ocrx_word' id='word_1_226' title='bbox 1029 2543 1185 2606; x_wconf 82' lang='lat' dir='ltr'><strong>exemplaris</strong></span> <span class='ocrx_word' id='word_1_227' title='bbox 1198 2543 1259 2591; x_wconf 91' lang='lat' dir='ltr'><strong>Nic.</strong></span> <span class='ocrx_word' id='word_1_228' title='bbox 1270 2543 1355 2592; x_wconf 87' lang='lat' dir='ltr'><strong>Heiu-</strong></span> 
     </span>
     <span class='ocr_line' id='line_1_26' title="bbox 250 2607 1355 2671; baseline -0.001 -12"><span class='ocrx_word' id='word_1_229' title='bbox 250 2611 361 2660; x_wconf 59' lang='grc' dir='ltr'><strong>πίοι-6</strong></span> <span class='ocrx_word' id='word_1_230' title='bbox 378 2608 437 2657; x_wconf 79' lang='lat' dir='ltr'><strong>Inde</strong></span> <span class='ocrx_word' id='word_1_231' title='bbox 447 2607 475 2656; x_wconf 80' lang='lat' dir='ltr'><strong>is</strong></span> <span class='ocrx_word' id='word_1_232' title='bbox 483 2608 599 2670; x_wconf 75' lang='lat' dir='ltr'><strong>palatim</strong></span> <span class='ocrx_word' id='word_1_233' title='bbox 615 2607 674 2656; x_wconf 83' lang='lat' dir='ltr'><strong>edd.</strong></span> <span class='ocrx_word' id='word_1_234' title='bbox 686 2608 804 2671; x_wconf 73' lang='lat' dir='ltr'><strong>quaedum</strong></span> <span class='ocrx_word' id='word_1_235' title='bbox 818 2616 930 2658; x_wconf 85' lang='lat' dir='ltr'><strong>receutt.</strong></span> <span class='ocrx_word' id='word_1_236' title='bbox 953 2607 1043 2656; x_wconf 85' lang='lat' dir='ltr'><strong>Codex</strong></span> <span class='ocrx_word' id='word_1_237' title='bbox 1055 2608 1141 2656; x_wconf 80' lang='lat' dir='ltr'><strong>Lirin.</strong></span> <span class='ocrx_word' id='word_1_238' title='bbox 1154 2607 1267 2670; x_wconf 88' lang='lat' dir='ltr'><strong>Gnelplr.</strong></span> <span class='ocrx_word' id='word_1_239' title='bbox 1280 2607 1355 2658; x_wconf 88' lang='lat' dir='ltr'><strong>Vutt.</strong></span> 
     </span>
     <span class='ocr_line' id='line_1_27' title="bbox 253 2671 1357 2736; baseline -0.002 -12"><span class='ocrx_word' id='word_1_240' title='bbox 253 2680 277 2724; x_wconf 85' lang='lat'><strong>1.</strong></span> <span class='ocrx_word' id='word_1_241' title='bbox 288 2678 313 2723; x_wconf 59' lang='grc' dir='ltr'><strong>ἢ.</strong></span> <span class='ocrx_word' id='word_1_242' title='bbox 323 2679 347 2724; x_wconf 75' lang='grc'><strong>3.</strong></span> <span class='ocrx_word' id='word_1_243' title='bbox 362 2675 388 2722; x_wconf 84' lang='lat' dir='ltr'><strong>t.</strong></span> <span class='ocrx_word' id='word_1_244' title='bbox 400 2672 496 2722; x_wconf 80' lang='lat' dir='ltr'><strong>Vener.</strong></span> <span class='ocrx_word' id='word_1_245' title='bbox 516 2679 544 2720; x_wconf 89' lang='lat' dir='ltr'><strong>et</strong></span> <span class='ocrx_word' id='word_1_246' title='bbox 561 2671 655 2722; x_wconf 83' lang='lat' dir='ltr'><strong>Sslisb.</strong></span> <span class='ocrx_word' id='word_1_247' title='bbox 670 2675 711 2722; x_wconf 78' lang='lat' dir='ltr'><strong>sed</strong></span> <span class='ocrx_word' id='word_1_248' title='bbox 721 2688 748 2722; x_wconf 85' lang='lat' dir='ltr'><strong>so</strong></span> <span class='ocrx_word' id='word_1_249' title='bbox 758 2675 835 2736; x_wconf 76' lang='lat' dir='ltr'><strong>suus,</strong></span> <span class='ocrx_word' id='word_1_250' title='bbox 845 2689 873 2722; x_wconf 83' lang='lat' dir='ltr'><strong>sa</strong></span> <span class='ocrx_word' id='word_1_251' title='bbox 885 2672 1059 2728; x_wconf 74' lang='lat' dir='ltr'><strong>moderatione,-</strong></span> <span class='ocrx_word' id='word_1_252' title='bbox 1074 2671 1151 2720; x_wconf 86' lang='lat' dir='ltr'><strong>codd.</strong></span> <span class='ocrx_word' id='word_1_253' title='bbox 1162 2673 1256 2720; x_wconf 80' lang='lat' dir='ltr'><strong>Patav-</strong></span> <span class='ocrx_word' id='word_1_254' title='bbox 1267 2671 1357 2722; x_wconf 83' lang='lat' dir='ltr'><strong>Paris.</strong></span> 
     </span>
     <span class='ocr_line' id='line_1_28' title="bbox 251 2735 1355 2799; baseline -0.003 -11"><span class='ocrx_word' id='word_1_255' title='bbox 251 2741 317 2788; x_wconf 81' lang='lat' dir='ltr'><strong>Exc.</strong></span> <span class='ocrx_word' id='word_1_256' title='bbox 328 2739 404 2788; x_wconf 88' lang='lat' dir='ltr'><strong>Voss.</strong></span> <span class='ocrx_word' id='word_1_257' title='bbox 423 2735 483 2786; x_wconf 88' lang='lat' dir='ltr'><strong>edd.</strong></span> <span class='ocrx_word' id='word_1_258' title='bbox 501 2737 688 2787; x_wconf 72' lang='lat' dir='ltr'><strong>potestisne.</strong></span> <span class='ocrx_word' id='word_1_259' title='bbox 711 2735 1113 2788; x_wconf 76' lang='lat' dir='ltr'><strong>vener.1sus.Berosld.nlu.</strong></span> <span class='ocrx_word' id='word_1_260' title='bbox 1131 2736 1240 2799; x_wconf 87' lang='lat' dir='ltr'><strong>Cuspin.</strong></span> <span class='ocrx_word' id='word_1_261' title='bbox 1258 2736 1355 2786; x_wconf 81' lang='lat' dir='ltr'><strong>Calan.</strong></span> 
     </span>
     <span class='ocr_line' id='line_1_29' title="bbox 252 2801 1355 2865; baseline -0.003 -12"><span class='ocrx_word' id='word_1_262' title='bbox 252 2805 270 2854; x_wconf 86' lang='lat' dir='ltr'>J</span> <span class='ocrx_word' id='word_1_263' title='bbox 274 2810 330 2852; x_wconf 87' lang='lat' dir='ltr'><strong>unt.</strong></span> <span class='ocrx_word' id='word_1_264' title='bbox 338 2803 484 2851; x_wconf 43' lang='lat' dir='ltr'><strong>,Philonos</strong></span> <span class='ocrx_word' id='word_1_265' title='bbox 498 2802 615 2850; x_wconf 83' lang='lat' dir='ltr'><strong>Rhensn.</strong></span> <span class='ocrx_word' id='word_1_266' title='bbox 628 2802 728 2865; x_wconf 83' lang='lat' dir='ltr'><strong>Gryph.</strong></span> <span class='ocrx_word' id='word_1_267' title='bbox 739 2801 847 2852; x_wconf 77' lang='lat' dir='ltr'><strong>Arcens.</strong></span> <span class='ocrx_word' id='word_1_268' title='bbox 858 2802 943 2854; x_wconf 83' lang='lat' dir='ltr'><strong>Lirin.</strong></span> <span class='ocrx_word' id='word_1_269' title='bbox 963 2801 1034 2864; x_wconf 83' lang='lat' dir='ltr'><strong>Lips.</strong></span> <span class='ocrx_word' id='word_1_270' title='bbox 1046 2801 1125 2849; x_wconf 88' lang='lat' dir='ltr'><strong>Grut.</strong></span> <span class='ocrx_word' id='word_1_271' title='bbox 1138 2803 1172 2851; x_wconf 87' lang='lat' dir='ltr'><strong>al.</strong></span> <span class='ocrx_word' id='word_1_272' title='bbox 1189 2803 1229 2849; x_wconf 84' lang='lat' dir='ltr'><strong>ssd</strong></span> <span class='ocrx_word' id='word_1_273' title='bbox 1239 2813 1267 2848; x_wconf 82' lang='lat' dir='ltr'><strong>es</strong></span> <span class='ocrx_word' id='word_1_274' title='bbox 1277 2803 1355 2862; x_wconf 72' lang='lat' dir='ltr'><strong>onds,</strong></span> 
     </span>
     <span class='ocr_line' id='line_1_30' title="bbox 251 2863 1355 2929; baseline -0.002 -13"><span class='ocrx_word' id='word_1_275' title='bbox 251 2869 292 2916; x_wconf 82' lang='lat' dir='ltr'><strong>red</strong></span> <span class='ocrx_word' id='word_1_276' title='bbox 302 2870 388 2929; x_wconf 44' lang='lat' dir='ltr'><strong>costr.</strong></span> <span class='ocrx_word' id='word_1_277' title='bbox 422 2867 540 2928; x_wconf 87' lang='lat' dir='ltr'><strong>Utroque</strong></span> <span class='ocrx_word' id='word_1_278' title='bbox 552 2866 609 2914; x_wconf 88' lang='lat' dir='ltr'><strong>loco</strong></span> <span class='ocrx_word' id='word_1_279' title='bbox 626 2867 780 2928; x_wconf 75' lang='lat' dir='ltr'><strong>particulam</strong></span> <span class='ocrx_word' id='word_1_280' title='bbox 800 2867 992 2915; x_wconf 77' lang='lat' dir='ltr'><strong>adversativam</strong></span> <span class='ocrx_word' id='word_1_281' title='bbox 1009 2867 1050 2912; x_wconf 82' lang='lat' dir='ltr'><strong>sed</strong></span> <span class='ocrx_word' id='word_1_282' title='bbox 1062 2879 1167 2927; x_wconf 84' lang='lat' dir='ltr'><strong>prorsus</strong></span> <span class='ocrx_word' id='word_1_283' title='bbox 1188 2863 1275 2914; x_wconf 86' lang='lat' dir='ltr'><strong>omisit</strong></span> <span class='ocrx_word' id='word_1_284' title='bbox 1294 2866 1355 2915; x_wconf 88' lang='lat' dir='ltr'><strong>cod.</strong></span> 
     </span>
     <span class='ocr_line' id='line_1_31' title="bbox 252 2927 1235 2992; baseline -0.002 -12"><span class='ocrx_word' id='word_1_285' title='bbox 252 2930 426 2980; x_wconf 83' lang='lat' dir='ltr'><strong>Schwsrsian.</strong></span> <span class='ocrx_word' id='word_1_286' title='bbox 460 2929 592 2991; x_wconf 85' lang='lat' dir='ltr'><strong>Denique,</strong></span> <span class='ocrx_word' id='word_1_287' title='bbox 606 2927 664 2977; x_wconf 92' lang='lat' dir='ltr'><strong>cod.</strong></span> <span class='ocrx_word' id='word_1_288' title='bbox 678 2930 773 2978; x_wconf 85' lang='lat' dir='ltr'><strong>Sslisb.</strong></span> <span class='ocrx_word' id='word_1_289' title='bbox 783 2945 831 2992; x_wconf 86' lang='lat' dir='ltr'><strong>pro</strong></span> <span class='ocrx_word' id='word_1_290' title='bbox 841 2932 973 2979; x_wconf 78' lang='lat' dir='ltr'><strong>iteraturus</strong></span> <span class='ocrx_word' id='word_1_291' title='bbox 984 2928 1063 2976; x_wconf 88' lang='lat' dir='ltr'><strong>lrabet</strong></span> <span class='ocrx_word' id='word_1_292' title='bbox 1074 2928 1122 2978; x_wconf 83' lang='lat' dir='ltr'><strong>iter</strong></span> <span class='ocrx_word' id='word_1_293' title='bbox 1131 2936 1235 2979; x_wconf 82' lang='lat' dir='ltr'><strong>orturus.</strong></span> 
     </span>
    </p>

    <p class='ocr_par' dir='ltr' id='par_1_6' title="bbox 286 2991 1353 3057">
     <span class='ocr_line' id='line_1_32' title="bbox 286 2991 1353 3057; baseline -0.002 -13"><span class='ocrx_word' id='word_1_294' title='bbox 286 2995 353 3044; x_wconf 75' lang='lat' dir='ltr'><strong>cnr.</strong></span> <span class='ocrx_word' id='word_1_295' title='bbox 367 3005 449 3042; x_wconf 82' lang='lat' dir='ltr'><strong>xxiv.</strong></span> <span class='ocrx_word' id='word_1_296' title='bbox 476 2996 490 3041; x_wconf 91' lang='lat'>1</span> <span class='ocrx_word' id='word_1_297' title='bbox 505 2993 807 3055; x_wconf 62' lang='lat' dir='ltr'><strong>numeraremus</strong></span> <span class='ocrx_word' id='word_1_298' title='bbox 818 2994 876 3044; x_wconf 87' lang='lat' dir='ltr'><strong>cod.</strong></span> <span class='ocrx_word' id='word_1_299' title='bbox 888 2993 981 3044; x_wconf 77' lang='lat' dir='ltr'><strong>salisb.</strong></span> <span class='ocrx_word' id='word_1_300' title='bbox 993 2992 1054 3042; x_wconf 91' lang='lat' dir='ltr'><strong>edd.</strong></span> <span class='ocrx_word' id='word_1_301' title='bbox 1066 2993 1182 3045; x_wconf 76' lang='lat' dir='ltr'><strong>ltlrensn</strong></span> <span class='ocrx_word' id='word_1_302' title='bbox 1191 2993 1262 3057; x_wconf 83' lang='lat' dir='ltr'><strong>Lips.</strong></span> <span class='ocrx_word' id='word_1_303' title='bbox 1274 2991 1353 3044; x_wconf 83' lang='lat' dir='ltr'><strong>Frob.</strong></span> 
     </span>
    </p>
   </div>
   <div class='ocr_carea' id='block_1_5' title="bbox 750 3095 861 3145">
    <p class='ocr_par' dir='ltr' id='par_1_7' title="bbox 750 3095 861 3145">
     <span class='ocr_line' id='line_1_33' title="bbox 750 3095 861 3145; baseline 0 -1"><span class='ocrx_word' id='word_1_304' title='bbox 750 3095 861 3145; x_wconf 79' lang='lat' dir='ltr'>NOTAE</span> 
     </span>
    </p>
   </div>
   <div class='ocr_carea' id='block_1_6' title="bbox 252 3176 1359 4313">
    <p class='ocr_par' dir='ltr' id='par_1_8' title="bbox 252 3176 1359 4313">
     <span class='ocr_line' id='line_1_34' title="bbox 285 3176 1358 3245; baseline -0.003 -17"><span class='ocrx_word' id='word_1_305' title='bbox 285 3179 407 3230; x_wconf 67' lang='lat' dir='ltr'><strong>anress</strong></span> <span class='ocrx_word' id='word_1_306' title='bbox 419 3180 483 3245; x_wconf 80' lang='lat' dir='ltr'><strong>tsus]</strong></span> <span class='ocrx_word' id='word_1_307' title='bbox 500 3180 600 3230; x_wconf 83' lang='lat' dir='ltr'><strong>Nerva.</strong></span> <span class='ocrx_word' id='word_1_308' title='bbox 825 3177 962 3242; x_wconf 73' lang='lat' dir='ltr'><strong>sexaginta</strong></span> <span class='ocrx_word' id='word_1_309' title='bbox 983 3177 1062 3228; x_wconf 84' lang='lat' dir='ltr'><strong>millis</strong></span> <span class='ocrx_word' id='word_1_310' title='bbox 1084 3177 1245 3228; x_wconf 85' lang='lat' dir='ltr'><strong>victimsrunr</strong></span> <span class='ocrx_word' id='word_1_311' title='bbox 1270 3176 1358 3241; x_wconf 55' lang='lat' dir='ltr'><strong>casa}</strong></span> 
     </span>
     <span class='ocr_line' id='line_1_35' title="bbox 285 3251 934 3318; baseline 0.002 -14"><span class='ocrx_word' id='word_1_312' title='bbox 285 3263 298 3297; x_wconf 80' lang='lat'><strong>‘¹</strong></span> <span class='ocrx_word' id='word_1_313' title='bbox 317 3256 395 3312; x_wconf 75' lang='lat' dir='ltr'><strong>Quum</strong></span> <span class='ocrx_word' id='word_1_314' title='bbox 408 3271 489 3306; x_wconf 78' lang='lat' dir='ltr'><strong>reeens</strong></span> <span class='ocrx_word' id='word_1_315' title='bbox 503 3254 604 3318; x_wconf 68' lang='lat' dir='ltr'><strong>emmor]</strong></span> <span class='ocrx_word' id='word_1_316' title='bbox 628 3254 666 3304; x_wconf 78' lang='lat' dir='ltr'><strong>At</strong></span> <span class='ocrx_word' id='word_1_317' title='bbox 678 3251 785 3303; x_wconf 81' lang='lat' dir='ltr'><strong>tutaris</strong></span> <span class='ocrx_word' id='word_1_318' title='bbox 824 3255 934 3306; x_wconf 80' lang='lat' dir='ltr'><strong>sueton.</strong></span> 
     </span>
     <span class='ocr_line' id='line_1_36' title="bbox 252 3327 1358 3394; baseline -0.002 -15"><span class='ocrx_word' id='word_1_319' title='bbox 252 3332 469 3394; x_wconf 73' lang='lat' dir='ltr'><strong>acclamaverant,</strong></span> <span class='ocrx_word' id='word_1_320' title='bbox 479 3330 670 3394; x_wconf 79' lang='lat' dir='ltr'><strong>etiugredieuti</strong></span> <span class='ocrx_word' id='word_1_321' title='bbox 678 3329 784 3393; x_wconf 83' lang='lat' dir='ltr'><strong>upplan·</strong></span> <span class='ocrx_word' id='word_1_322' title='bbox 857 3332 866 3364; x_wconf 74' lang='lat'>²</span> <span class='ocrx_word' id='word_1_323' title='bbox 889 3331 920 3380; x_wconf 81' lang='lat' dir='ltr'><strong>In</strong></span> <span class='ocrx_word' id='word_1_324' title='bbox 945 3329 1072 3394; x_wconf 71' lang='lat' dir='ltr'><strong>petatium]</strong></span> <span class='ocrx_word' id='word_1_325' title='bbox 1098 3327 1307 3390; x_wconf 82' lang='lat' dir='ltr'><strong>Triumphsntes,</strong></span> <span class='ocrx_word' id='word_1_326' title='bbox 1334 3328 1358 3377; x_wconf 88' lang='lat' dir='ltr'><strong>si</strong></span> 
     </span>
     <span class='ocr_line' id='line_1_37' title="bbox 253 3400 1359 3469; baseline -0.002 -15"><span class='ocrx_word' id='word_1_327' title='bbox 253 3413 348 3458; x_wconf 80' lang='lat' dir='ltr'><strong>serant.</strong></span> <span class='ocrx_word' id='word_1_328' title='bbox 382 3407 434 3456; x_wconf 87' lang='lat' dir='ltr'><strong>Hic</strong></span> <span class='ocrx_word' id='word_1_329' title='bbox 447 3413 531 3454; x_wconf 76' lang='lat' dir='ltr'><strong>temen</strong></span> <span class='ocrx_word' id='word_1_330' title='bbox 542 3405 574 3454; x_wconf 88' lang='lat' dir='ltr'><strong>sd</strong></span> <span class='ocrx_word' id='word_1_331' title='bbox 590 3405 713 3469; x_wconf 84' lang='lat' dir='ltr'><strong>Capitolii</strong></span> <span class='ocrx_word' id='word_1_332' title='bbox 724 3418 784 3452; x_wconf 90' lang='lat' dir='ltr'><strong>con·</strong></span> <span class='ocrx_word' id='word_1_333' title='bbox 800 3453 801 3458; x_wconf 72' lang='grc'>,</span> <span class='ocrx_word' id='word_1_334' title='bbox 825 3406 907 3456; x_wconf 91' lang='lat' dir='ltr'><strong>Dioni</strong></span> <span class='ocrx_word' id='word_1_335' title='bbox 918 3404 993 3464; x_wconf 87' lang='lat' dir='ltr'><strong>tides,</strong></span> <span class='ocrx_word' id='word_1_336' title='bbox 1011 3418 1058 3468; x_wconf 85' lang='lat' dir='ltr'><strong>per</strong></span> <span class='ocrx_word' id='word_1_337' title='bbox 1068 3401 1152 3452; x_wconf 85' lang='lat' dir='ltr'><strong>forum</strong></span> <span class='ocrx_word' id='word_1_338' title='bbox 1162 3402 1270 3452; x_wconf 85' lang='lat' dir='ltr'><strong>adibant</strong></span> <span class='ocrx_word' id='word_1_339' title='bbox 1279 3400 1359 3466; x_wconf 83' lang='lat' dir='ltr'><strong>Capi·</strong></span> 
     </span>
     <span class='ocr_line' id='line_1_38' title="bbox 253 3477 1357 3546; baseline -0.004 -16"><span class='ocrx_word' id='word_1_340' title='bbox 253 3489 371 3545; x_wconf 84' lang='lat' dir='ltr'><strong>spectum</strong></span> <span class='ocrx_word' id='word_1_341' title='bbox 389 3483 462 3546; x_wconf 82' lang='lat' dir='ltr'><strong>quasi</strong></span> <span class='ocrx_word' id='word_1_342' title='bbox 482 3488 609 3537; x_wconf 89' lang='lat' dir='ltr'><strong>recentes,</strong></span> <span class='ocrx_word' id='word_1_343' title='bbox 628 3481 745 3544; x_wconf 77' lang='lat' dir='ltr'><strong>plausum</strong></span> <span class='ocrx_word' id='word_1_344' title='bbox 757 3485 785 3529; x_wconf 88' lang='lat' dir='ltr'><strong>et</strong></span> <span class='ocrx_word' id='word_1_345' title='bbox 827 3482 925 3538; x_wconf 84' lang='lat' dir='ltr'><strong>iolinur,</strong></span> <span class='ocrx_word' id='word_1_346' title='bbox 937 3480 997 3534; x_wconf 89' lang='lat' dir='ltr'><strong>inde</strong></span> <span class='ocrx_word' id='word_1_347' title='bbox 1018 3481 1108 3530; x_wconf 84' lang='lat' dir='ltr'><strong>eudem</strong></span> <span class='ocrx_word' id='word_1_348' title='bbox 1127 3479 1216 3544; x_wconf 90' lang='lat' dir='ltr'><strong>populi</strong></span> <span class='ocrx_word' id='word_1_349' title='bbox 1233 3477 1357 3544; x_wconf 78' lang='lat' dir='ltr'><strong>frequen-</strong></span> 
     </span>
     <span class='ocr_line' id='line_1_39' title="bbox 254 3554 1358 3622; baseline -0.002 -16"><span class='ocrx_word' id='word_1_350' title='bbox 254 3558 454 3608; x_wconf 80' lang='lat' dir='ltr'><strong>accianunones</strong></span> <span class='ocrx_word' id='word_1_351' title='bbox 466 3558 599 3607; x_wconf 81' lang='lat' dir='ltr'><strong>iterarunt.</strong></span> <span class='ocrx_word' id='word_1_352' title='bbox 825 3558 871 3615; x_wconf 85' lang='lat' dir='ltr'><strong>tia.</strong></span> <span class='ocrx_word' id='word_1_353' title='bbox 880 3565 908 3607; x_wconf 91' lang='lat' dir='ltr'><strong>et</strong></span> <span class='ocrx_word' id='word_1_354' title='bbox 919 3571 1014 3622; x_wconf 80' lang='lat' dir='ltr'><strong>pompa</strong></span> <span class='ocrx_word' id='word_1_355' title='bbox 1023 3557 1049 3606; x_wconf 90' lang='lat' dir='ltr'><strong>iu</strong></span> <span class='ocrx_word' id='word_1_356' title='bbox 1057 3557 1183 3620; x_wconf 86' lang='lat' dir='ltr'><strong>palatium</strong></span> <span class='ocrx_word' id='word_1_357' title='bbox 1191 3554 1358 3605; x_wconf 87' lang='lat' dir='ltr'><strong>deduceban·</strong></span> 
     </span>
     <span class='ocr_line' id='line_1_40' title="bbox 286 3630 878 3698; baseline 0.003 -16"><span class='ocrx_word' id='word_1_358' title='bbox 286 3641 296 3668; x_wconf 73' lang='lat'><em>¹</em></span> <span class='ocrx_word' id='word_1_359' title='bbox 311 3634 381 3698; x_wconf 79' lang='lat' dir='ltr'><strong>Dies,</strong></span> <span class='ocrx_word' id='word_1_360' title='bbox 392 3633 432 3697; x_wconf 81' lang='lat' dir='ltr'><strong>qni</strong></span> <span class='ocrx_word' id='word_1_361' title='bbox 442 3633 609 3696; x_wconf 75' lang='lat' dir='ltr'><strong>duncgenuit]</strong></span> <span class='ocrx_word' id='word_1_362' title='bbox 626 3633 693 3684; x_wconf 91' lang='lat' dir='ltr'><strong>Dies</strong></span> <span class='ocrx_word' id='word_1_363' title='bbox 705 3630 785 3697; x_wconf 84' lang='lat' dir='ltr'><strong>adop·</strong></span> <span class='ocrx_word' id='word_1_364' title='bbox 826 3642 878 3684; x_wconf 84' lang='lat' dir='ltr'><strong>tur.</strong></span> 
     </span>
     <span class='ocr_line' id='line_1_41' title="bbox 254 3707 1355 3774; baseline -0.002 -14"><span class='ocrx_word' id='word_1_365' title='bbox 254 3709 332 3760; x_wconf 88' lang='lat' dir='ltr'><strong>tionis</strong></span> <span class='ocrx_word' id='word_1_366' title='bbox 344 3717 408 3771; x_wconf 77' lang='lat' dir='ltr'><strong>tue,</strong></span> <span class='ocrx_word' id='word_1_367' title='bbox 422 3709 466 3774; x_wconf 90' lang='lat' dir='ltr'><strong>qni</strong></span> <span class='ocrx_word' id='word_1_368' title='bbox 486 3709 512 3757; x_wconf 92' lang='lat' dir='ltr'><strong>in</strong></span> <span class='ocrx_word' id='word_1_369' title='bbox 531 3723 609 3758; x_wconf 85' lang='lat' dir='ltr'><strong>causa</strong></span> <span class='ocrx_word' id='word_1_370' title='bbox 620 3715 669 3766; x_wconf 82' lang='lat' dir='ltr'><strong>est,</strong></span> <span class='ocrx_word' id='word_1_371' title='bbox 681 3723 728 3758; x_wconf 90' lang='lat' dir='ltr'><strong>cur</strong></span> <span class='ocrx_word' id='word_1_372' title='bbox 739 3710 786 3758; x_wconf 89' lang='lat' dir='ltr'><strong>inr-</strong></span> <span class='ocrx_word' id='word_1_373' title='bbox 858 3710 926 3760; x_wconf 68' lang='lat' dir='ltr'><strong>“Ad</strong></span> <span class='ocrx_word' id='word_1_374' title='bbox 942 3715 1040 3773; x_wconf 59' lang='lat' dir='ltr'><strong>prutes</strong></span> <span class='ocrx_word' id='word_1_375' title='bbox 1057 3708 1122 3771; x_wconf 84' lang='lat' dir='ltr'><strong>snos]</strong></span> <span class='ocrx_word' id='word_1_376' title='bbox 1147 3708 1179 3758; x_wconf 91' lang='lat' dir='ltr'><strong>Id</strong></span> <span class='ocrx_word' id='word_1_377' title='bbox 1199 3715 1250 3771; x_wconf 85' lang='lat' dir='ltr'><strong>est,</strong></span> <span class='ocrx_word' id='word_1_378' title='bbox 1268 3707 1355 3758; x_wconf 81' lang='lat' dir='ltr'><strong>domi:</strong></span> 
     </span>
     <span class='ocr_line' id='line_1_42' title="bbox 254 3783 1358 3855; baseline -0.004 -17"><span class='ocrx_word' id='word_1_379' title='bbox 254 3796 362 3854; x_wconf 87' lang='lat' dir='ltr'><strong>parator</strong></span> <span class='ocrx_word' id='word_1_380' title='bbox 375 3789 453 3841; x_wconf 82' lang='lat' dir='ltr'><strong>hodie</strong></span> <span class='ocrx_word' id='word_1_381' title='bbox 470 3796 545 3840; x_wconf 87' lang='lat' dir='ltr'><strong>tanta</strong></span> <span class='ocrx_word' id='word_1_382' title='bbox 562 3803 620 3840; x_wconf 87' lang='lat' dir='ltr'><strong>cum</strong></span> <span class='ocrx_word' id='word_1_383' title='bbox 639 3804 735 3855; x_wconf 76' lang='lat' dir='ltr'><strong>pompe</strong></span> <span class='ocrx_word' id='word_1_384' title='bbox 745 3803 785 3840; x_wconf 91' lang='lat' dir='ltr'><strong>re·</strong></span> <span class='ocrx_word' id='word_1_385' title='bbox 827 3785 895 3852; x_wconf 85' lang='lat' dir='ltr'><strong>quod</strong></span> <span class='ocrx_word' id='word_1_386' title='bbox 908 3800 987 3849; x_wconf 74' lang='lat' dir='ltr'><strong>vere,</strong></span> <span class='ocrx_word' id='word_1_387' title='bbox 998 3799 1047 3835; x_wconf 86' lang='lat' dir='ltr'><strong>uec</strong></span> <span class='ocrx_word' id='word_1_388' title='bbox 1062 3783 1158 3834; x_wconf 82' lang='lat' dir='ltr'><strong>sucatae</strong></span> <span class='ocrx_word' id='word_1_389' title='bbox 1174 3785 1275 3834; x_wconf 73' lang='lat' dir='ltr'><strong>laetitia</strong></span> <span class='ocrx_word' id='word_1_390' title='bbox 1291 3784 1358 3834; x_wconf 90' lang='lat' dir='ltr'><strong>indi·</strong></span> 
     </span>
     <span class='ocr_line' id='line_1_43' title="bbox 255 3858 1358 3928; baseline -0.005 -12"><span class='ocrx_word' id='word_1_391' title='bbox 255 3867 328 3917; x_wconf 78' lang='lat' dir='ltr'><strong>deas.</strong></span> <span class='ocrx_word' id='word_1_392' title='bbox 826 3863 893 3914; x_wconf 88' lang='lat' dir='ltr'><strong>cium</strong></span> <span class='ocrx_word' id='word_1_393' title='bbox 906 3858 1358 3928; x_wconf 58' lang='lat' dir='ltr'><strong>estquequalispraeferturcoram</strong></span> 
     </span>
     <span class='ocr_line' id='line_1_44' title="bbox 286 3939 1356 4006; baseline -0.005 -14"><span class='ocrx_word' id='word_1_394' title='bbox 286 3952 295 3976; x_wconf 81' lang='lat'>¹</span> <span class='ocrx_word' id='word_1_395' title='bbox 312 3943 387 3993; x_wconf 81' lang='lat' dir='ltr'><strong>Ptesu</strong></span> <span class='ocrx_word' id='word_1_396' title='bbox 397 3943 524 4006; x_wconf 75' lang='lat' dir='ltr'><strong>nitoribus]</strong></span> <span class='ocrx_word' id='word_1_397' title='bbox 549 3943 592 3992; x_wconf 85' lang='lat' dir='ltr'><strong>Ita</strong></span> <span class='ocrx_word' id='word_1_398' title='bbox 608 3947 734 4006; x_wconf 88' lang='lat' dir='ltr'><strong>exceptus</strong></span> <span class='ocrx_word' id='word_1_399' title='bbox 747 3949 787 3992; x_wconf 87' lang='lat' dir='ltr'><strong>est</strong></span> <span class='ocrx_word' id='word_1_400' title='bbox 826 3942 954 4005; x_wconf 85' lang='lat' dir='ltr'><strong>principe,</strong></span> <span class='ocrx_word' id='word_1_401' title='bbox 967 3942 1024 3989; x_wconf 82' lang='lat' dir='ltr'><strong>telis</strong></span> <span class='ocrx_word' id='word_1_402' title='bbox 1036 3939 1157 4003; x_wconf 86' lang='lat' dir='ltr'><strong>privatim</strong></span> <span class='ocrx_word' id='word_1_403' title='bbox 1170 3939 1288 3992; x_wconf 83' lang='lat' dir='ltr'><strong>iteratur,</strong></span> <span class='ocrx_word' id='word_1_404' title='bbox 1297 3952 1356 3987; x_wconf 89' lang='lat' dir='ltr'><strong>cunr</strong></span> 
     </span>
     <span class='ocr_line' id='line_1_45' title="bbox 255 4013 1358 4069; baseline -0.006 -3"><span class='ocrx_word' id='word_1_405' title='bbox 255 4019 345 4069; x_wconf 76' lang='lat' dir='ltr'><strong>Roruae</strong></span> <span class='ocrx_word' id='word_1_406' title='bbox 358 4020 488 4069; x_wconf 86' lang='lat' dir='ltr'><strong>Vitellius.</strong></span> <span class='ocrx_word' id='word_1_407' title='bbox 512 4017 680 4067; x_wconf 81' lang='lat' dir='ltr'><strong>‘Exstructis</strong></span> <span class='ocrx_word' id='word_1_408' title='bbox 697 4018 785 4068; x_wconf 80' lang='lat' dir='ltr'><strong>alteri·</strong></span> <span class='ocrx_word' id='word_1_409' title='bbox 826 4019 882 4069; x_wconf 91' lang='lat' dir='ltr'><strong>sine</strong></span> <span class='ocrx_word' id='word_1_410' title='bbox 901 4018 959 4067; x_wconf 88' lang='lat' dir='ltr'><strong>ullis</strong></span> <span class='ocrx_word' id='word_1_411' title='bbox 980 4015 1084 4066; x_wconf 81' lang='lat' dir='ltr'><strong>arbitris</strong></span> <span class='ocrx_word' id='word_1_412' title='bbox 1102 4013 1197 4062; x_wconf 83' lang='lat' dir='ltr'><strong>sinceri</strong></span> <span class='ocrx_word' id='word_1_413' title='bbox 1210 4013 1286 4062; x_wconf 81' lang='lat' dir='ltr'><strong>animi</strong></span> <span class='ocrx_word' id='word_1_414' title='bbox 1298 4027 1358 4060; x_wconf 87' lang='lat' dir='ltr'><strong>sen-</strong></span> 
     </span>
     <span class='ocr_line' id='line_1_46' title="bbox 254 4089 1358 4160; baseline -0.004 -19"><span class='ocrx_word' id='word_1_415' title='bbox 254 4094 314 4154; x_wconf 85' lang='lat' dir='ltr'><strong>lrns,</strong></span> <span class='ocrx_word' id='word_1_416' title='bbox 339 4097 467 4160; x_wconf 85' lang='lat' dir='ltr'><strong>cresisque</strong></span> <span class='ocrx_word' id='word_1_417' title='bbox 490 4094 613 4156; x_wconf 79' lang='lat' dir='ltr'><strong>victimis,</strong></span> <span class='ocrx_word' id='word_1_418' title='bbox 640 4094 738 4158; x_wconf 78' lang='lat' dir='ltr'><strong>regium</strong></span> <span class='ocrx_word' id='word_1_419' title='bbox 759 4095 786 4142; x_wconf 92' lang='lat' dir='ltr'><strong>in</strong></span> <span class='ocrx_word' id='word_1_420' title='bbox 827 4109 871 4143; x_wconf 90' lang='lat' dir='ltr'><strong>sus</strong></span> <span class='ocrx_word' id='word_1_421' title='bbox 882 4093 951 4142; x_wconf 78' lang='lat' dir='ltr'><strong>intre</strong></span> <span class='ocrx_word' id='word_1_422' title='bbox 969 4091 1123 4142; x_wconf 84' lang='lat' dir='ltr'><strong>domesticos</strong></span> <span class='ocrx_word' id='word_1_423' title='bbox 1142 4089 1255 4152; x_wconf 84' lang='lat' dir='ltr'><strong>parietes</strong></span> <span class='ocrx_word' id='word_1_424' title='bbox 1273 4089 1358 4152; x_wconf 85' lang='lat' dir='ltr'><strong>expli-</strong></span> 
     </span>
     <span class='ocr_line' id='line_1_47' title="bbox 256 4169 930 4226; baseline 0.001 -10"><span class='ocrx_word' id='word_1_425' title='bbox 256 4169 374 4226; x_wconf 81' lang='lat' dir='ltr'><strong>moranr‚&#39;</strong></span> <span class='ocrx_word' id='word_1_426' title='bbox 389 4171 477 4222; x_wconf 77' lang='lat' dir='ltr'><strong>Tacit.</strong></span> <span class='ocrx_word' id='word_1_427' title='bbox 500 4170 594 4220; x_wconf 78' lang='lat' dir='ltr'><strong>Annei.</strong></span> <span class='ocrx_word' id='word_1_428' title='bbox 618 4184 649 4219; x_wconf 89' lang='lat' dir='ltr'><strong>n.</strong></span> <span class='ocrx_word' id='word_1_429' title='bbox 668 4174 709 4218; x_wconf 82' lang='grc'><strong>70.</strong></span> <span class='ocrx_word' id='word_1_430' title='bbox 743 4170 787 4220; x_wconf 87' lang='lat' dir='ltr'><strong>Sic</strong></span> <span class='ocrx_word' id='word_1_431' title='bbox 828 4177 930 4222; x_wconf 86' lang='lat' dir='ltr'><strong>eantur.</strong></span> 
     </span>
     <span class='ocr_line' id='line_1_48' title="bbox 255 4241 1358 4313; baseline -0.005 -17"><span class='ocrx_word' id='word_1_432' title='bbox 255 4246 282 4297; x_wconf 84' lang='lat' dir='ltr'><strong>in</strong></span> <span class='ocrx_word' id='word_1_433' title='bbox 295 4247 417 4311; x_wconf 71' lang='lat' dir='ltr'><strong>Caligula</strong></span> <span class='ocrx_word' id='word_1_434' title='bbox 436 4249 551 4300; x_wconf 79' lang='lat' dir='ltr'><strong>sdrentu</strong></span> <span class='ocrx_word' id='word_1_435' title='bbox 567 4253 664 4313; x_wconf 87' lang='lat' dir='ltr'><strong>‘snpra</strong></span> <span class='ocrx_word' id='word_1_436' title='bbox 682 4255 786 4299; x_wconf 84' lang='lat' dir='ltr'><strong>centum</strong></span> <span class='ocrx_word' id='word_1_437' title='bbox 861 4247 1027 4310; x_wconf 67' lang='lat' dir='ltr'><strong>&#39;Onnomeq</strong></span> <span class='ocrx_word' id='word_1_438' title='bbox 1046 4244 1129 4295; x_wconf 87' lang='lat' dir='ltr'><strong>Oneri</strong></span> <span class='ocrx_word' id='word_1_439' title='bbox 1141 4241 1234 4312; x_wconf 79' lang='lat' dir='ltr'><strong>fuisset</strong></span> <span class='ocrx_word' id='word_1_440' title='bbox 1243 4241 1299 4292; x_wconf 86' lang='lat' dir='ltr'><strong>aliis</strong></span> <span class='ocrx_word' id='word_1_441' title='bbox 1310 4242 1358 4292; x_wconf 84' lang='lat' dir='ltr'><strong>hu·</strong></span> 
     </span>
    </p>
   </div>
   <div class='ocr_carea' id='block_1_7' title="bbox 0 0 1565 4852">
    <p class='ocr_par' dir='ltr' id='par_1_9' title="bbox 0 0 1565 4852">
     <span class='ocr_line' id='line_1_49' title="bbox 0 0 1565 4852; baseline 0 0"><span class='ocrx_word' id='word_1_442' title='bbox 0 0 1565 4852; x_wconf 95' lang='lat' dir='ltr'><strong> </strong></span> 
     </span>
    </p>
   </div>
  </div>
 </body>
</html>
