3022 4852
233 401 278 465 54
340 429 343 435 Α
508 421 539 472 c.
562 419 683 478 aarum
708 419 857 468 cnorcrr
883 421 1046 470 securior

372 617 377 626 '
492 618 557 684 Au.
570 619 648 684 Glrr.
667 633 807 686 uxxrx.
845 618 911 687 Au.
927 619 1000 684 AEt.
1019 622 1068 702 lg.

277 762 486 844 Avunculus,
501 786 577 832 cum
600 767 722 830 Miseni
741 769 886 832 classem
910 769 1052 852 imperio
1071 787 1222 851 praesens
1236 786 1328 850 rege·

234 873 293 945 ret,
311 887 351 932 ac
373 867 535 950 flagrante
558 866 711 931 Vesuvio
732 877 845 932 monte
869 871 912 934 ad
935 869 1160 954 explorandas
1182 870 1329 933 incendii

234 989 355 1034 causas
377 971 518 1053 propius
540 969 751 1046 accessisset,
772 971 804 1032 vi
820 972 967 1053 pulveris
985 991 1026 1036 ac
1047 971 1172 1035 favillas
1191 989 1329 1052 oppres·

235 1091 294 1135 sus
310 1070 443 1146 occidit,
458 1070 525 1152 Ep.
542 1085 594 1132 vr.
608 1071 662 1134 16.
708 1071 789 1134 Eam
805 1091 884 1135 vero
899 1073 1023 1136 montis
1038 1073 1329 1154 conflagrationem

232 1191 299 1237 non
321 1171 422 1234 ruodo
444 1171 647 1236 Suetoniusd
676 1173 742 1235 illis
765 1184 956 1238 annumerat
977 1174 1141 1249 tristibus,
1164 1193 1241 1256 quae
1264 1174 1330 1236 sub

232 1273 313 1336 Tito
328 1273 541 1352 acciderunt3
557 1275 617 1337 sed
633 1282 727 1338 etex
743 1273 875 1338 Dione·
892 1281 1023 1339 constat
1037 1274 1103 1337 hoc
1119 1293 1205 1337 anno
1221 1275 1330 1338 conti-

233 1374 330 1455 gisse.
375 1373 528 1437 Mensem
552 1376 709 1459 diemque
722 1377 804 1440 saevi
825 1395 927 1440 casus
942 1375 1067 1439 Noster
1081 1380 1272 1439 notaverat:
1295 1381 1331 1438 at

232 1476 335 1558 paulo
344 1475 549 1539 incertiorem
561 1483 736 1560 utrumque
748 1478 829 1540 lacit
839 1477 994 1541 codicum
1011 1476 1097 1539 Mss.
1112 1475 1265 1540 hocloco
1281 1477 1331 1539 in-

233 1578 443 1655 constantia3
466 1578 543 1640 aliis
563 1573 686 1639 VIIII.
702 1578 777 1642 aliis
796 1575 827 1638 V
828 1575 901 1640 HI.
918 1575 1054 1642 Kalend.
1073 1576 1226 1660 Septemb.
1248 1578 1328 1640 aliis

235 1675 314 1738 Kal.
326 1677 400 1740 aliis
411 1675 435 1738 I
435 1675 484 1739 ll.
501 1673 582 1739 Non.
596 1675 746 1740 Novemb.
756 1675 1034 1760 praeferentibus!
1056 1678 1327 1742 Circumstantiae

233 1784 343 1842 tamen
353 1779 540 1860 Augustum
553 1782 665 1862 potius
676 1799 821 1843 mensem
832 1779 1019 1860 indigitant,
1030 1780 1239 1862 prioremque
1251 1780 1330 1842 alte·

233 1900 346 1944 rumve
369 1882 544 1944 lectionem
567 1880 772 1945 confirmant.
817 1881 943 1944 Narrat
965 1881 1050 1944 enim
1075 1880 1211 1957 Noster,
1239 1881 1328 1963 quod

234 1983 294 2046 illo
311 1981 376 2059 die,
392 2002 460 2065 quo
475 1991 580 2045 mater
594 1983 768 2058 indicarat,
783 2001 942 2065 apparere
953 1983 1072 2045 nubem
1088 1982 1281 2045 inusitatam
1294 1989 1330 2044 et

235 2083 464 2162 magnitudine
486 2088 520 2147 ct
542 2085 668 2166 specie,
691 2103 736 2166 erg
751 2082 902 2148 Vesuvio
916 2085 989 2147 scil·
1012 2092 1129 2158 ortam,
1145 2084 1331 2147 avunculus

235 2187 338 2246 ‘usus
354 2184 438 2261 sole,
454 2202 533 2246 mox
549 2183 691 2266 frigida,’
711 2182 778 2268 (sic
800 2185 898 2261 enim,
916 2203 982 2246 non
1005 2182 1203 2264 ‘frigidam'
1222 2185 1331 2264 legen·

236 2284 330 2363 dum)
351 2289 563 2366 ‘gustaverat
578 2285 709 2367 jacens,
732 2285 976 2369 studebatque,’
996 2289 1055 2350 &a
1099 2283 1148 2347 At
1170 2303 1247 2348 vero
1266 2283 1330 2366 Ep.

238 2401 294 2449 ιιι.
309 2387 340 2449 5.
357 2386 493 2449 disertis
510 2393 651 2450 testetur
667 2387 789 2464 verbis,
806 2388 1004 2451 avunculum
1021 2386 1150 2449 nonnisi
1176 2385 1335 2449 ‘aestate'

236 2508 277 2552 ea
294 2487 510 2570 praestitisse:
531 2493 542 2522 ‘
554 2487 641 2551 Post
655 2485 788 2562 cibum,’
802 2491 862 2564 alt,
878 2494 995 2571 ‘saepe
1061 2494 1189 2564 aestate,
1206 2487 1237 2551 si
1251 2485 1333 2569 quid

237 2590 307 2663 otii,
320 2589 461 2671 jacebat
472 2589 504 2650 in
517 2589 607 2652 sole:
623 2589 707 2652 liber
720 2589 911 2670 legebatur:
982 2590 1065 2653 Post
1075 2590 1178 2653 solem
1190 2590 1333 2671 plerum·

236 2711 303 2774 que
315 2689 436 2772 frigida
453 2689 641 2767 lavabatur,
665 2689 786 2753 deinde
807 2690 989 2772 gustabat,¹
1009 2694 1071 2755 &a
1117 2690 1238 2772 Neque
1254 2681 1333 2752 vero

237 2793 352 2855 obstat
375 2793 498 2855 Dionis
514 2791 756 2854 testimonium:
779 2796 840 2874 Πῦρ
855 2795 914 2876 γὰρ
930 2788 1011 2874 μέγα
1030 2792 1094 2852 κατ’
1115 2791 1183 2853 αὐτὸ
1195 2791 1227 2852 ri
1243 2789 1334 2872 pilae-

236 2916 327 2978 πωςιν
349 2889 513 2966 ἐξαπιναίως
540 2889 648 2968 ἐξήφθη·
675 2887 758 2952 Ναινι
781 2889 837 2952 sub
860 2891 1004 2953 autumni
1023 2901 1139 2974 tempus
1158 2889 1263 2975 ingens
1283 2890 1333 2952 irv-

238 2993 376 3057 cendium
392 3000 512 3074 repente
527 2991 692 3053 excitatum
707 3000 770 3059 est:
788 2993 834 3054 uli
852 2992 936 3054 salis
954 2998 1038 3055 recte
1051 2994 1148 3056 vertit
1161 2993 1335 3074 interpres

166 3089 169 3096 '
237 3097 420 3179 Perpetem
437 3113 515 3158 vere
528 3093 752 3157 Leunclavius
767 3094 808 3156 ad
826 3094 1005 3173 marginem
1027 3093 1177 3176 apponit,
1194 3093 1335 3156 autumni

238 3196 365 3262 extranei
393 3205 552 3278 tempore:
583 3195 671 3280 quod
703 3195 856 3276 sequitur
885 3195 1147 3259 ΤίἰΙιιιιιοιιιίιιε.Ι
1201 3195 1333 3260 Etenim

239 3297 404 3382 φθινόπωρον
418 3299 565 3380 proprie,
578 3296 737 3380 quicquid
753 3295 864 3359 dicant
878 3296 1135 3380 Lexicographi,
1151 3305 1335 3358 αιιιιιννιιινιιιι

236 3392 273 3464 in
302 3418 420 3480 genere
442 3399 629 3477 significat;
655 3402 693 3460 ut
721 3397 842 3461 velex
863 3397 1000 3461 Galeno'
1018 3398 1229 3461 manifestum
1254 3398 1335 3461 scri·

237 3497 363 3575 bente,h
386 3503 397 3532 ‘
409 3495 572 3581 φθινοπώρου
597 3493 753 3580 ἰσημερίαν,
782 3497 995 3582 aequinoctium
1019 3497 1210 3575 autumnale,
1238 3499 1335 3562 circi·

239 3614 290 3669 ter
311 3601 511 3686 principium
536 3600 594 3662 Dii
616 3598 742 3662 mensis
763 3599 930 3679 incidere;
953 3608 1051 3682 atque
1072 3598 1209 3663 Arcturi
1226 3606 1334 3664 ortum

239 3703 371 3770 aestatis
393 3702 491 3764 finem
522 3706 611 3778 es'se,
637 3702 788 3766 autumni
821 3721 900 3765 vero
932 3702 1144 3786 principium,
1167 3700 1254 3784 quod
1283 3701 1336 3785 πρὸ

238 3784 344 3893 ἡμιρνῑν
358 3807 396 3878 ὥς
411 3801 515 3866 δώδεκα
534 3807 582 3880 τῆς
598 3801 800 3888 φθινοπωρινῆς,
820 3801 977 3865 duodecim
999 3801 1121 3865 circiter
1141 3799 1248 3864 diebus
1262 3809 1336 3864 ante

271 4010 283 4043 ‘¹
301 4013 356 4061 Lib.
368 4026 407 4062 ιι.
418 4017 442 4062 8.
836 4019 848 4052 ι
867 4009 937 4060 liist.
948 4008 993 4054 des
1006 4007 1082 4068 Emp.
1094 4005 1126 4054 Τ.
1138 4018 1181 4053 ιιι.
1193 4019 1219 4067 p.
1230 4007 1287 4054 865.

271 4095 282 4120 ⁰
300 4088 371 4136 illst.
382 4089 427 4137 lib.
438 4101 514 4137 nxvr.
525 4102 552 4150 p.
563 4089 621 4134 754.
634 4099 708 4150 seqq.
836 4083 849 4124 i
865 4085 1011 4133 comment.
1022 4081 1054 4130 ud
1064 4079 1193 4144 Hippocr.
1206 4077 1248 4128 lib.
1259 4076 1336 4141 upra.

272 4160 281 4194 ¹
291 4160 768 4216 vianotmanlineavl.Hearne,
805 4163 828 4212 1.
1163 4161 1165 4166 ⁴

242 4238 328 4289 Oxou.
339 4241 412 4288 1703.
924 4235 932 4250 ⁶
