3088 4848
516 409 798 460 renueremus.
845 412 867 458 ι.
891 395 942 460 78.
1210 401 1277 476 325

90 573 92 578 “
180 554 266 625 scire
291 575 340 632 se,
364 553 444 637 quid
465 555 520 631 sil,
541 555 631 638 quod
655 554 791 619 daturus
813 556 873 618 sii:
899 556 951 620 sic
966 555 1014 632 fit,
1029 563 1066 621 ui
1081 558 1129 622 illi
1143 579 1276 643 quoquc

180 657 304 733 sciant,
319 656 402 738 quid
417 657 615 739 acceperint.

224 757 314 822 Ger.
339 773 512 820 ,uxxvun
549 756 582 820 1.
606 755 684 836 Quo
704 755 830 840 justius
856 762 1001 832 senatus,
1025 763 1063 822 ut
1088 757 1275 840 susciperes

179 867 334 940 querlum
362 859 585 935 consulatum,
603 865 636 922 et
664 860 804 940 rogavit,
832 865 865 922 et
880 859 999 942 jussit.
1045 859 1184 942 Imperii
1210 860 1275 926 hoc

179 961 328 1037 verbum,
351 979 417 1024 non
435 958 639 1024 adulationis
659 979 746 1036 esse,
763 962 925 1044 obsequio
941 968 1022 1024 tuo·
1044 961 1162 1042 crede3
1185 961 1275 1042 quod

178 1079 243 1124 non
258 1061 326 1126 elie
340 1062 373 1125 in
392 1081 427 1124 re
446 1061 563 1141 magis,
583 1069 641 1126 eut
663 1067 800 1126 senatus
818 1063 950 1143 exigere
969 1082 989 1126 a
1005 1068 1048 1140 te,
1063 1071 1123 1126 aui
1138 1071 1173 1128 tu
1189 1082 1275 1146 prae-
1316 1096 1320 1110 ι

112 1188 120 1196 ·
178 1167 268 1227 stare
283 1163 416 1226 senatui
431 1161 545 1225 debes.
589 1162 621 1225 2.
644 1161 693 1226 Ut
715 1164 803 1226 enim
818 1171 1007 1228 ceterorum
1021 1163 1211 1241 hominum,
1227 1164 1274 1228 ita

177 1263 376 1346 principum,
392 1263 525 1328 illorum
538 1265 651 1342 etiem,
663 1266 720 1346 qui
734 1265 791 1328 Dii
804 1265 869 1328 sibi
881 1264 1041 1339 videntur,
1059 1283 1166 1329 nevum
1175 1285 1272 1330 omne

176 1371 212 1426 et
234 1365 335 1428 breve
354 1371 390 1428 ct
407 1363 525 1446 fragile
547 1371 609 1430 est.
654 1366 772 1450 Itaque
787 1367 951 1449 optimum
969 1385 1135 1448 quemque
1155 1367 1217 1431 niti
1237 1375 1273 1432 et

176 1465 374 1530 contendere
389 1465 494 1542 decet,
508 1471 545 1531 ut
560 1475 642 1550 post
656 1487 693 1531 se
709 1487 844 1551 quoqne
858 1468 1055 1549 reipublicae
1070 1467 1187 1551 prosit,
1201 1489 1272 1533 mo-
1290 1524 1292 1530 .

175 1565 355 1630 dotationis
375 1567 505 1630 scilicet
517 1567 726 1652 justitiaeque
742 1569 976 1644 monumentis
992 1589 1068 1651 quae
1084 1569 1190 1649 prima
1203 1577 1272 1634 stn-

174 1671 268 1731 tuere
278 1669 396 1732 consul
408 1674 535 1750 potest.
556 1668 588 1734 3.
602 1669 690 1733 Haec
702 1689 822 1753 nempe
833 1668 994 1734 intentiob
1011 1677 1078 1743 tue,
1091 1677 1129 1732 nt
1140 1671 1270 1736 liberta-

173 1775 242 1835 tern
258 1787 410 1848 revoces,
420 1788 461 1840 nc
476 1769 630 1834 reducas.
654 1770 764 1851 Quem
776 1791 853 1853 ergo
863 1772 1017 1835 honorem
1027 1771 1270 1853 magicumne,

631 1931 813 1955 anunente

173 2029 249 2091 Mox,
264 2030 326 2092 quod
340 2028 408 2077 debit
424 2027 501 2078 codd.
518 2029 590 2079 vett.
609 2035 632 2082 l.
644 2035 668 2079 2.
679 2034 704 2081 8.
716 2035 740 2080 l.
757 2030 865 2079 Venett.
877 2036 900 2080 l.
917 2033 943 2080 ἓ.
955 2029 1040 2079 Puris.
1052 2027 1164 2091 Gnelph.
1177 2030 1270 2079 Putes.

172 2101 201 2141 et
212 2093 277 2141 Erre.
288 2093 362 2142 Voss.
383 2093 425 2140 elii
437 2107 498 2141 vero
510 2092 586 2142 codd.
598 2103 625 2143 et
636 2095 697 2142 edd.
709 2109 808 2154 omnen,
824 2097 885 2158 quod
895 2096 994 2143 daturus
1011 2095 1052 2142 sit.
1087 2095 1207 2158 Denique
1219 2109 1269 2142 vox

164 2155 286 2268 {tndem
298 2157 324 2205 in
336 2155 377 2207 ed.
394 2150 461 2206 Nnv.
478 2164 506 2206 et
517 2158 600 2206 lirin.
629 2159 716 2224 εἰσῄει
727 2157 786 2208 eod.
799 2159 882 2208 Lirin.
894 2172 951 2206 erim
963 2156 1022 2206 edd.
1040 2159 1119 2220 Cnsp.
1131 2157 1230 2221 Gryph.
1242 2165 1271 2207 et

174 2247 176 2254 ι
218 2235 293 2270 enen.

204 2283 272 2334 Onu.
285 2295 406 2333 nxxvrn.
433 2288 445 2333 l
464 2284 528 2334 Cod.
538 2288 632 2336 Peter.
645 2291 673 2333 et
682 2283 746 2333 Erre.
758 2284 835 2334 Voss.
846 2289 873 2332 nl
884 2286 1008 2348 arriperes.
1043 2283 1074 2334 ln
1086 2283 1163 2334 codd.
1173 2285 1269 2337 Selisb.

171 2355 200 2396 et
212 2349 382 2398 Schwernien.
395 2347 479 2397 omnin
490 2349 585 2398 desunt
602 2349 635 2398 eb
654 2349 730 2398 initio
748 2349 823 2414 liujus
841 2351 935 2412 eapitis
953 2363 1034 2412 usque
1055 2349 1087 2397 ed
1106 2351 1161 2398 lino
1179 2351 1268 2405 verbe,

172 2412 236 2462 Hoee
247 2427 328 2474 nempe
342 2413 443 2461 intenlio
453 2417 504 2462 inu.
546 2415 619 2469 Mox,
631 2413 689 2463 cod.
700 2413 784 2463 Puris.
801 2413 910 2475 obsequie
925 2419 964 2462 luo
982 2414 1065 2462 credo.
1076 2446 1097 2461 ..
1111 2414 1235 2474 meimet
1253 2431 1269 2464 a

170 2481 201 2526 te.
237 2477 349 2537 Deinde,
366 2491 508 2539 pronomen
527 2483 555 2534 tn
573 2478 649 2526 deest
663 2479 689 2526 in
706 2477 857 2538 quibusdem
875 2476 952 2524 codd.
965 2485 991 2524 et
1008 2477 1080 2524 libris
1096 2478 1268 2538 impressis.-

170 2545 187 2588 n
203 2540 257 2589 Pro
269 2541 395 2604 particule
406 2542 487 2596 etium,
500 2555 554 2590 voc.
566 2541 670 2589 emnium
685 2553 736 2586 non
753 2553 850 2602 paucos
866 2541 1004 2600 eccrrpevit
1021 2539 1100 2588 libros
1112 2541 1265 2601 impressos,

171 2605 249 2653 codd.
271 2619 332 2654 vero
349 2606 421 2654 Vult.
438 2606 546 2654 Venett.
558 2604 643 2653 Puris.
662 2603 756 2653 Selisb.
778 2603 892 2665 Gnelplr.
914 2603 976 2651 item
992 2602 1053 2651 edd.
1073 2603 1180 2664 Cuspiu.
1198 2605 1268 2666 Lips.

170 2669 249 2718 Grnt.
261 2669 430 2724 Periclenses,
442 2669 555 2729 Berneg.
568 2668 654 2717 Herk.
672 2667 789 2716 Peterol.
800 2668 863 2716 Cer.
876 2667 965 2714 Arnln.
980 2666 1063 2716 Genu.
1075 2667 1167 2714 illorum
1176 2669 1269 2724 etium,-

170 2734 246 2782 etsie
259 2734 284 2780 iu
297 2735 413 2796 margine
427 2732 487 2783 edd.
505 2733 604 2795 Gryph.
625 2731 742 2782 sichard.
761 2730 798 2778 H.
815 2730 907 2792 steph.
925 2730 1051 2778 Livinei
1070 2731 1154 2778 Rivin.
1173 2731 1268 2780 illorum

170 2811 249 2846 ornnes
264 2797 340 2846 codd.
359 2799 452 2846 Parae.
466 2801 495 2846 et
511 2799 586 2846 Voss.
603 2796 667 2844 irem
679 2795 738 2844 edd.
750 2795 855 2844 Puteol.
872 2793 993 2843 Beroald.
1004 2802 1033 2843 et
1045 2794 1161 2842 erennu.
1194 2796 1268 2855 Mos,

169 2857 1267 2986 sullisuulnus⁹{liu'ul'd‘lliililul'inualidus}

167 2990 258 3051 primo]
284 2990 391 3050 Nescio,
411 3002 496 3038 ennon
515 3003 548 3038 ex
560 2939 853 3052 compendioqserlbendl
867 2959 992 3049 proauita
1007 2987 1042 3036 sit
1054 3003 1102 3035 vox
1120 2989 1208 3051 primo,
1219 3003 1266 3052 pro

169 3067 235 3103 voce
251 3053 373 3116 plurimo?
388 3067 447 3102 cum
458 3055 514 3102 lraee
526 3067 574 3102 vox
587 3054 690 3115 integra
701 3052 817 3115 ascripta
827 3053 861 3100 sit
874 3052 956 3113 primo
968 3051 1048 3099 Gndii
1063 3051 1145 3110 libr03
1169 3061 1196 3100 et
1208 3067 1265 3101 cunr

169 3117 196 3165 in
211 3117 352 3166 Philemoni
367 3117 482 3166 editione
498 3131 621 3167 excusum
640 3117 674 3166 sit
690 3120 760 3179 prin,-
784 3116 833 3163 nisi
850 3115 957 3174 dixeris,
974 3114 1051 3176 prim
1062 3119 1210 3164 monumenta
1226 3115 1267 3163 hie

168 3181 232 3238 diri,
243 3182 315 3246 qnasi
329 3181 452 3244 primarie
463 3189 491 3230 et
508 3181 657 3244 precipua:
684 3187 760 3242 prout
777 3178 888 3240 Plinius,
902 3179 928 3226 in
948 3179 996 3226 lroe
1014 3179 1071 3240 ipso
1089 3177 1188 3240 Peneg.
1206 3193 1264 3240 esp.

169 3257 290 3296 nxxxrrr.
302 3249 326 3294 1.
336 3246 467 3308 loquitur:
485 3247 492 3272 ‘
504 3243 592 3293 Habet
604 3245 651 3292 hoe
660 3243 770 3310 primum
780 3242 811 3306 (i.
821 3256 844 3290 e.
856 3240 1029 3306 praecipuum)
1037 3255 1131 3302 magne
1142 3239 1263 3291 fortuna)

169 3309 193 3356 E
216 3310 295 3373 lipsii
315 3309 467 3372 conjecture
478 3308 605 3358 cellarius
622 3315 650 3357 et
661 3303 761 3357 Heern.
779 3312 934 3370 receperunt
946 3305 1052 3354 verbum
1068 3307 1189 3356 secundm
1205 3321 1265 3370 per-

168 3386 250 3427 sonne,
259 3379 344 3438 potes,-
363 3388 421 3422 cunr
433 3374 511 3422 tertie
522 3385 641 3436 persona,
651 3376 737 3434 pueri,
750 3373 776 3421 in
788 3372 906 3420 omnibus
916 3370 1012 3419 ceteris
1026 3370 1099 3418 libris
1117 3379 1199 3420 extet.
1232 3371 1264 3422 In

169 3445 260 3486 nostro
279 3437 368 3486 codice
384 3439 436 3486 Ms.
454 3451 504 3486 non
520 3439 617 3500 legium
634 3437 744 3498 intentio,
765 3435 812 3485 sed
828 3436 931 3486 inventio
947 3451 955 3484 .-
980 3449 1068 3486 verum
1086 3447 1137 3486 vox
1155 3437 1264 3499 intenlio,

168 3515 218 3563 pro
229 3501 327 3562 erudio,
341 3516 413 3564 curn,
425 3509 452 3550 et
464 3502 542 3550 enimi
555 3501 733 3562 contentione,
743 3501 841 3556 Plinio,
851 3499 1074 3563 Pliniunique,aevi
1087 3500 1265 3564 scriptoribus,

168 3579 221 3617 non
238 3575 277 3614 eor
290 3565 448 3630 infrequens.
481 3565 512 3616 In
524 3564 650 3616 Vossieno
668 3565 736 3614 libro
751 3565 877 3629 seriptum
889 3571 929 3614 est
939 3564 1039 3613 intenlio
1050 3565 1102 3614 tine.
1135 3565 1186 3614 Sed
1203 3563 1265 3614 nihil

168 3643 276 3700 necesse
288 3645 343 3680 esse
356 3637 428 3696 puto,
439 3639 494 3680 ute
512 3631 611 3694 vulgari
628 3631 740 3680 lectione
758 3629 925 3680 recedamus:
942 3628 1113 3678 Seleucen-8
1130 3628 1195 3678 Cod.
1213 3629 1263 3677 Pa·

666 3773 772 3822 NOTAE

201 3879 213 3908 ⁸
231 3871 346 3935 Obsequio
356 3871 407 3934 ruo]
425 3872 530 3924 sienim
541 3871 696 3923 adulationis
737 3869 844 3920 ostende
853 3869 954 3920 senatui
965 3865 1142 3932 obsequendo.

167 3947 274 3996 verbum
285 3961 342 3996 esse
351 3947 452 4004 credes,
462 3946 593 3997 recusabis
605 3960 697 3996 consu·
768 3943 780 3978 ¹³
797 3945 859 3994 Hoee
867 3943 1010 4006 ...inlentio]
1027 3944 1084 3991 Vox
1093 3942 1138 3990 ille
1148 3941 1196 3990 hoe
1206 3954 1263 3990 sen·

166 4023 262 4084 letum:
283 4021 321 4070 siu
332 4036 394 4072 vern
404 4023 508 4086 putabis
519 4036 576 4072 esse
593 4022 697 4084 imperi·
736 4036 766 4072 sn
778 4022 846 4086 npnd
859 4021 972 4076 Plininni
989 4019 1038 4068 ervi
1055 4017 1195 4079 scriptores
1210 4015 1263 4066 ire·

167 4113 221 4160 nm,
234 4105 286 4146 lum
297 4113 343 4160 pro
353 4103 398 4149 tun
409 4098 533 4162 singulari
546 4111 608 4161 erge
619 4111 694 4148 sene·
736 4111 828 4160 quens,
844 4096 920 4160 nujus
931 4094 1050 4156 exemplu
1067 4089 1164 4140 referre
1182 4090 1262 4141 absti-

166 4181 221 4222 rum
233 4173 399 4222 obseruantia
410 4174 475 4222 haurd
485 4173 562 4224 dnbio
570 4173 694 4237 obseque·
735 4186 792 4224 neo.

167 4250 213 4300 ris.
243 4249 329 4312 Igitur
340 4249 441 4313 imperii
451 4250 500 4299 hoc
512 4248 695 4311 verbumesse,
