3088 4848
542 375 825 426 eruucrnrcns
871 377 895 424 1.
919 361 972 424 82.
1142 445 1145 448 ,
1230 361 1295 426 333

200 523 330 608 liquida
344 541 385 588 ac
401 523 595 601 deferentia,
613 521 756 586 lustrare
770 519 943 603 navigiis?
965 521 1139 603 nandoque
1156 540 1295 604 erupera-¹

201 645 250 690 re.
293 627 326 690 6.
348 623 426 692 Nec
453 643 532 688 vero
551 623 758 694 laudaverim
778 640 839 705 per
861 642 897 685 se
919 641 1117 704 magnopere
1137 623 1294 688 duritiam

202 727 355 809 corporis
379 745 420 790 ao
441 726 663 805 lacertorum3
685 725 745 788 sed
768 726 797 788 ei
820 725 872 788 his
896 721 1039 787 validior
1060 729 1134 787 toto
1154 741 1296 806 corpore

202 829 335 892 animos
349 827 525 910 imperitet,
542 845 639 909 quem
648 844 714 889 non
725 825 866 889 fortunae
877 821 1069 909 indulgentia
1084 821 1216 899 molliat,
1229 843 1293 887 non

201 929 310 1011 copiae
336 928 538 1011 principales
565 925 608 990 ad
639 926 813 1006 segnitiem
840 926 1025 1008 luxumque
1055 923 1297 1006 detorqueaut3·

201 1035 281 1094 tnnc
304 1047 377 1110 ego,
404 1047 464 1093 seu
489 1028 667 1103 montibus,
690 1045 752 1090 seu
776 1027 871 1103 mari,
895 1032 1100 1102 exerceatur,
1124 1031 1157 1090 et
1177 1026 1294 1090 laetum

202 1148 301 1212 opere
330 1149 463 1212 corpus,
489 1137 524 1195 et
546 1129 732 1194 crescentia
759 1129 928 1192 laboribus
958 1127 1115 1203 mambra,
1142 1126 1295 1190 mirabor.

200 1233 233 1295 7.
257 1229 367 1294 Video
391 1232 479 1295 enim
499 1231 570 1314 jam
587 1232 666 1294 inde
688 1230 874 1312 antiquitus
897 1230 1035 1292 maritos
1059 1229 1230 1302 Duarum:¹
1253 1247 1294 1291 ac

202 1333 352 1396 Deorum
377 1333 528 1411 liberos,t
552 1351 613 1397 nec
638 1331 798 1412 dignitate
820 1329 1030 1414 nuptiarum‘
1052 1329 1172 1410 magis,
1194 1346 1294 1412 quam

200 1433 254 1497 bis
268 1435 406 1511 artibus,
422 1433 631 1499 inclaruisse.
674 1433 708 1498 8.
731 1431 838 1497 Simul
857 1432 979 1513 cogito,
995 1439 1072 1494 cnm
1086 1431 1151 1494 sint
1164 1431 1231 1493 ista
1245 1430 1294 1492 lua

200 1533 264 1598 dus
279 1541 311 1599 et
326 1541 583 1600 avocamentum
598 1534 709 1619 hujus,
726 1553 803 1618 qnae
819 1539 1021 1617 quantaeque
1035 1533 1101 1596 sint
1115 1531 1183 1596 illae
1196 1531 1294 1595 seriae

200 1643 235 1699 et
246 1629 401 1714 intentae,
416 1641 449 1700 et
463 1657 485 1700 a
499 1637 621 1720 quibus
636 1656 673 1700 ae
690 1637 723 1700 in
738 1637 805 1701 tale
821 1635 925 1704 otium
941 1635 1072 1718 recipit,
1089 1633 1293 1716 voluptates.

200 1736 284 1800 Sunt
299 1737 385 1802 enlm
401 1737 603 1821 voluptates,
619 1738 741 1820 quibus
751 1740 878 1820 optime
890 1737 931 1800 de
944 1735 1107 1819 cujusque
1118 1736 1293 1818 gravitate,

200 1839 392 1916 sanctitate,
412 1835 641 1923 temperantia,
657 1839 811 1904 creditur.
854 1840 886 1902 9.
910 1837 1000 1902 Nam
1024 1837 1100 1920 quis
1118 1834 1202 1900 adeo
1225 1836 1294 1899 dis*

825 1961 838 1984 .

232 2018 245 2116 ἲ
259 2019 458 2146 {grimm
468 2022 494 2072 irr
505 2037 585 2084 agroru
596 2023 637 2086 qui
648 2023 701 2071 iude
712 2022 746 2072 ric
757 2022 841 2085 liquidi
845 2022 922 2087 fiunt,
932 2025 957 2071 at
965 2020 1017 2084 apti
1026 2021 1058 2069 cd
1069 2019 1204 2078 duorardus
1215 2033 1297 2070 nauca

201 2292 307 2354 pressis,
322 2300 363 2340 aut
381 2293 471 2354 campis
488 2293 624 2357 superflum
648 2295 723 2344 codd.
753 2309 813 2344 vero
836 2295 912 2343 vau.
933 2295 1018 2343 Paris.
1041 2294 1133 2342 Venet.
1153 2298 1178 2342 2.
1203 2293 1296 2345 Sullsb.

200 2357 313 2419 Guelptr.
327 2365 353 2405 et
366 2357 535 2405 Scbwaraiau.
546 2358 640 2407 babent
652 2360 784 2422 superfuso.
813 2359 904 2408 Catan-
915 2359 1013 2420 tr'mpido
1023 2373 1050 2406 uc
1060 2359 1190 2408 deserentia
1197 2373 1207 2416 ,¹
1218 2359 1296 2408 codd.

198 2421 291 2470 Salisb.
311 2421 406 2469 Pater.
428 2429 453 2468 et
482 2421 545 2470 Euo.
565 2423 637 2470 Voss.
660 2423 750 2488 liquida
768 2439 796 2472 uc
817 2423 972 2489 differentior
999 2421 1059 2470 edd.
1079 2423 1133 2471 Elz.
1160 2423 1293 2472 Bouborn.

200 2491 227 2534 et
243 2485 342 2533 Hearn.
362 2485 458 2533 babent
477 2485 555 2532 etiam
575 2488 723 2542 deruentiu5
741 2488 812 2548 Lips.
835 2487 903 2548 conj.
925 2484 1078 2544 destruentia.
1116 2485 1167 2533 ‘In
1192 2489 1234 2535 vul
1253 2495 1295 2536 ata

199 2549 268 2611 apud
283 2549 351 2598 Plin.
364 2551 493 2610 scriptura
512 2549 618 2597 verbum
635 2551 747 2612 requiro,
759 2550 827 2614 quod
845 2549 878 2598 ad
895 2549 1000 2610 rigentia
1016 2548 1072 2608 gelu
1082 2547 1186 2610 flumina
1205 2503 1295 2600 referri

106 2657 108 2662 .
199 2623 301 2676 potem
321 2613 388 2660 nude
400 2614 453 2661 sola
465 2622 562 2662 mutata
574 2613 749 2668 distinctione,
760 2615 827 2678 qnod
840 2609 1013 2662 mollissimum
1025 2611 1144 2660 medendi
1154 2627 1247 2676 genus,
1259 2615 1295 2663 le·

199 2692 296 2738 geram,
318 2679 429 2737 lustrare,
447 2676 553 2738 ademtis
570 2679 691 2740 auumque
708 2675 836 2739 superare!
851 2677 942 2726 Arum.
976 2676 1030 2726 Pro
1048 2677 1178 2738 caudaque,
1191 2678 1296 2728 Puteal.

200 2743 278 2790 babet
289 2741 440 2804 quaudoque;
451 2741 544 2789 Salisb.
555 2751 624 2804 quq3‚
636 2743 673 2789 ita
685 2748 780 2803 tamen,
788 2752 818 2792 ut
827 2742 851 2790 iu
861 2741 976 2802 margine
988 2740 1021 2788 ab
1030 2739 1082 2787 alia
1092 2753 1168 2788 meno
1182 2743 1294 2804 rescrip-

200 2814 254 2854 tum
266 2805 299 2854 sit
318 2807 454 2854 nanda-6
472 2805 524 2854 Nec
533 2819 557 2854 a.
568 2805 585 2855 l.
596 2821 620 2868 p.
630 2821 655 2855 re
666 2819 752 2866 arogno
762 2821 829 2870 opere
837 2804 901 2856 Ald.
912 2804 986 2854 lunt.
999 2805 1067 2852 Nar.
1078 2811 1105 2852 et
1118 2801 1211 2854 Arutz.
1228 2806 1295 2855 duri·

199 2870 256 2918 tiem
274 2872 393 2932 quadem
415 2867 476 2917 edd.
500 2876 564 2918 vett.
581 2871 695 2919 duritia-m
712 2870 787 2918 codd.
804 2871 877 2918 Vatt.
894 2870 978 2919 Paris.
998 2869 1106 2918 Venett.
1123 2872 1182 2918 1.1.
1198 2870 1293 2920 Pater.

200 2933 264 2982 Euo.
284 2934 361 2982 Voss.
381 2933 441 2982 odd.
460 2933 565 2982 Puteal.
588 2933 650 2983 ΑΜ.
668 2933 773 2996 Cuspin.
792 2933 907 2984 unenan.
927 2933 1068 2983 Philomus.
1089 2933 1242 2991 Cratander,
1263 2935 1295 2985 R.
1380 2951 1385 2962 ·

198 2997 290 3060 Stepb.
301 2997 385 3046 Lirin.
398 2997 474 3046 Grnt.
484 2997 569 3046 Banu.
581 3003 608 3046 et
618 2996 710 3048 Aratu.
726 2999 819 3048 unimus
828 2999 955 3060 imperaret
966 2999 1025 3046 edd.
1039 2998 1146 3047 Ascens.
1158 2999 1214 3047 Elz.
1225 2999 1296 3048 Box-

198 3061 272 3112 boru.
283 3061 378 3110 Cellar.
389 3068 417 3110 et
429 3061 527 3109 Hearn.
568 3061 632 3111 Mox
643 3075 731 3111 ornnes
750 3064 868 3125 impressi
887 3071 948 3110 ante
964 3063 1089 3111 Sclrwarz.
1098 3062 1206 3120 sortuuoe
1216 3063 1295 3112 indul·

197 3126 282 3187 geutr'u
298 3125 412 3174 mutant.
447 3124 514 3173 Vide
532 3123 743 3175 Nott.Varr.-⁷
762 3127 859 3176 Omnes
878 3125 933 3174 fere
952 3126 1030 3174 codd.
1052 3139 1095 3187 ap·
1113 3127 1242 3175 Schwartz.
1266 3143 1295 3176 uc

199 3189 287 3239 Deum·
319 3189 392 3238 ‘Nec
403 3188 521 3248 dubitate
540 3189 688 3252 nuptiarum]
706 3188 760 3239 Aut
780 3189 856 3241 deest
871 3190 978 3239 alterum
991 3189 1143 3250 membrum,
1155 3203 1196 3238 uec
1206 3191 1293 3240 uoluti·

199 3253 251 3310 bue,
263 3267 305 3302 aee
315 3257 380 3314 nupt.
392 3255 443 3314 dig.
457 3255 496 3301 vel
515 3254 597 3301 simile
617 3255 749 3317 quiddam,
768 3261 813 3303 arrt
830 3269 875 3303 unu
895 3268 941 3317 pro
958 3269 999 3304 uec
1015 3253 1136 3316 equidem
1153 3253 1295 3316 reponam.'

200 3317 281 3366 Liuia.
315 3317 401 3365 ‘Pars
417 3317 526 3367 membri
545 3319 627 3368 altera
648 3318 730 3379 deest,
748 3323 773 3366 et
791 3319 924 3377 autolium
942 3332 972 3368 ao
991 3317 1108 3380 pluscula
1123 3317 1166 3367 bic
1182 3318 1293 3368 observo

198 3381 285 3430 hiulca
304 3388 349 3430 aut
368 3379 485 3431 fedam!
502 3381 570 3446 Lips.
602 3382 669 3431 Vide
687 3383 764 3432 Nott.
778 3380 904 3432 Vara—8
922 3383 972 3432 Hae
987 3396 1072 3445 voces,
1089 3397 1141 3446 quoe
1156 3387 1294 3446 quantaque

198 3446 258 3510 siut,
269 3444 362 3494 desunt
374 3447 399 3495 in
412 3445 527 3495 cornibus
539 3445 615 3497 codd.
627 3455 654 3497 et
666 3447 726 3497 edd.
742 3453 802 3496 ante
814 3446 970 3508 Cuspin.·-9
984 3447 1044 3502 ,Jum
1054 3447 1107 3509 quir
1117 3445 1178 3497 edd.
1188 3447 1293 3498 Puteal.

199 3508 320 3558 Beroald.
332 3510 421 3558 Calan.
435 3511 552 3573 Carpat
565 3511 598 3560 al.
630 3512 758 3574 Numquis
770 3527 858 3561 omnes
869 3511 945 3562 codd.
958 3526 1000 3574 ap.
1010 3511 1140 3561 Suburam.
1174 3513 1247 3574 Mox,
1257 3527 1293 3562 se·

198 3574 288 3622 ueritus
304 3573 392 3624 tartara
404 3575 480 3623 codd.
498 3575 584 3625 Paris.
596 3575 705 3626 Venett.
717 3581 740 3624 1.
752 3580 776 3625 2.
794 3577 886 3625 Pater.
897 3577 962 3626 Exc-
973 3576 1048 3624 Voss.
1059 3576 1118 3626 edd.
1128 3576 1231 3626 Puteal.
1244 3577 1293 3626 Ca·

200 3644 254 3686 teu.
267 3637 384 3686 Rhenum
397 3639 535 3688 Philomus.
549 3642 618 3702 Lips.
630 3649 658 3690 et
668 3641 745 3691 Grut.
756 3643 782 3689 in
794 3641 835 3690 ed.
847 3639 1103 3692 Francof.au.1607.
1120 3655 1140 3688 a.
1152 3642 1241 3689 incidat
1254 3639 1292 3691 Η.

198 3701 287 3764 Stepb.
298 3717 339 3750 an.
354 3705 426 3751 1591.
445 3704 498 3751 Elz.
509 3717 550 3752 an.
564 3708 635 3753 loto.
653 3705 783 3756 Boxlrotn.
806 3705 922 3754 Kirebm.
942 3703 1035 3752 cellar.
1048 3703 1162 3752 Patarol.
1173 3711 1201 3752 et
1213 3704 1292 3752 Gaea.

198 3780 218 3814 s.
229 3767 331 3815 insideat
341 3767 416 3816 codd.
428 3767 500 3818 Vatt.
511 3767 605 3816 Salisb.
616 3774 643 3817 et
656 3768 768 3832 Guelpb.
781 3770 842 3818 item
854 3767 914 3817 edd.
926 3767 1045 3816 Beroald.
1057 3774 1085 3817 et
1094 3767 1186 3816 Arutz.
1202 3781 1221 3816 r.
1233 3768 1293 3816 tusi-

692 3881 799 3932 NO'I'lE

231 3981 242 4016 1
261 3975 365 4025 Moritur
375 3976 494 4039 Deorum]
515 3976 672 4038 Ut-Peleus,
683 3977 724 4027 cul
765 3974 825 4038 fuit,
836 3978 884 4024 dic.

198 4048 360 4100 fortitudinis
388 4052 444 4100 laur
475 4053 592 4102 Thetidis
620 4054 724 4117 nuptias
797 4058 807 4084 ¹
834 4055 938 4103 Daunum
966 4051 1062 4114 liberos]
1094 4052 1131 4101 Ut
1156 4051 1290 4108 Theseum,

198 4127 356 4178 conciliarit.
389 4129 431 4180 Sic
447 4129 605 4196 Hippolytus
616 4137 725 4196 propter
766 4129 898 4180 Castorem
909 4137 936 4178 et
948 4129 1090 4192 Pollucem,
1102 4131 1151 4177 &a

194 4203 307 4250 uenandi
337 4204 455 4267 peritiam
486 4205 575 4255 urana
599 4214 723 4268 acceptus
