<?xml version="1.0" encoding="UTF-8"?>
<!DOCTYPE html PUBLIC "-//W3C//DTD XHTML 1.0 Transitional//EN"
    "http://www.w3.org/TR/xhtml1/DTD/xhtml1-transitional.dtd">
<html xmlns="http://www.w3.org/1999/xhtml" xml:lang="en" lang="en">
 <head>
  <title>
</title>
<meta http-equiv="Content-Type" content="text/html;charset=utf-8" />
  <meta name='ocr-system' content='tesseract 3.04.00' />
  <meta name='ocr-capabilities' content='ocr_page ocr_carea ocr_par ocr_line ocrx_word'/>
</head>
<body>
  <div class='ocr_page' id='page_1' title='image "./panegyriciveter02baungoog_0185.png"; bbox 0 0 3112 4852; ppageno 0'>
   <div class='ocr_carea' id='block_1_1' title="bbox 236 335 967 410">
    <p class='ocr_par' dir='ltr' id='par_1_1' title="bbox 236 335 967 410">
     <span class='ocr_line' id='line_1_1' title="bbox 236 335 967 410; baseline -0.003 -10"><span class='ocrx_word' id='word_1_1' title='bbox 236 335 301 410; x_wconf 77' lang='grc'><strong>176</strong></span> <span class='ocrx_word' id='word_1_2' title='bbox 597 350 629 404; x_wconf 86' lang='lat' dir='ltr'><strong>c.</strong></span> <span class='ocrx_word' id='word_1_3' title='bbox 654 347 776 399; x_wconf 80' lang='lat' dir='ltr'><strong>rursu</strong></span> <span class='ocrx_word' id='word_1_4' title='bbox 800 349 967 404; x_wconf 81' lang='lat' dir='ltr'><strong>secusur</strong></span> 
     </span>
    </p>
   </div>
   <div class='ocr_carea' id='block_1_2' title="bbox 220 490 1332 1787">
    <p class='ocr_par' dir='ltr' id='par_1_2' title="bbox 220 490 1332 1787">
     <span class='ocr_line' id='line_1_2' title="bbox 278 490 1327 575; baseline 0 -19"><span class='ocrx_word' id='word_1_5' title='bbox 278 490 368 556; x_wconf 81' lang='lat' dir='ltr'><strong>Gne.</strong></span> <span class='ocrx_word' id='word_1_6' title='bbox 399 506 464 557; x_wconf 82' lang='lat' dir='ltr'><strong>xv.</strong></span> <span class='ocrx_word' id='word_1_7' title='bbox 507 491 539 558; x_wconf 90' lang='lat'><strong>1.</strong></span> <span class='ocrx_word' id='word_1_8' title='bbox 565 491 757 558; x_wconf 81' lang='lat' dir='ltr'><strong>Tribunus·</strong></span> <span class='ocrx_word' id='word_1_9' title='bbox 782 511 858 558; x_wconf 86' lang='lat' dir='ltr'><strong>vero</strong></span> <span class='ocrx_word' id='word_1_10' title='bbox 886 492 1167 575; x_wconf 85' lang='lat' dir='ltr'><strong>disjunctissimas</strong></span> <span class='ocrx_word' id='word_1_11' title='bbox 1194 493 1327 568; x_wconf 73' lang='lat' dir='ltr'><strong>terres,b</strong></span> 
     </span>
     <span class='ocr_line' id='line_1_3' title="bbox 233 592 1331 677; baseline -0.002 -16"><span class='ocrx_word' id='word_1_12' title='bbox 233 593 356 661; x_wconf 89' lang='lat' dir='ltr'><strong>teneris</strong></span> <span class='ocrx_word' id='word_1_13' title='bbox 369 592 477 658; x_wconf 81' lang='lat' dir='ltr'><strong>adhuc</strong></span> <span class='ocrx_word' id='word_1_14' title='bbox 491 594 598 668; x_wconf 88' lang='lat' dir='ltr'><strong>aunis,</strong></span> <span class='ocrx_word' id='word_1_15' title='bbox 614 594 676 658; x_wconf 86' lang='lat' dir='ltr'><strong>viri</strong></span> <span class='ocrx_word' id='word_1_16' title='bbox 698 593 852 658; x_wconf 81' lang='lat' dir='ltr'><strong>firmitate</strong></span> <span class='ocrx_word' id='word_1_17' title='bbox 868 594 1038 658; x_wconf 82' lang='lat' dir='ltr'>lustrasti:</span> <span class='ocrx_word' id='word_1_18' title='bbox 1057 593 1130 676; x_wconf 84' lang='lat' dir='ltr'><strong>jem</strong></span> <span class='ocrx_word' id='word_1_19' title='bbox 1146 600 1224 658; x_wconf 90' lang='lat' dir='ltr'><strong>tunc</strong></span> <span class='ocrx_word' id='word_1_20' title='bbox 1243 613 1331 677; x_wconf 86' lang='lat' dir='ltr'><strong>pree-</strong></span> 
     </span>
     <span class='ocr_line' id='line_1_4' title="bbox 233 693 1330 777; baseline 0.002 -19"><span class='ocrx_word' id='word_1_21' title='bbox 233 701 392 761; x_wconf 89' lang='lat' dir='ltr'><strong>monente</strong></span> <span class='ocrx_word' id='word_1_22' title='bbox 409 693 581 771; x_wconf 76' lang='lat' dir='ltr'><strong>Fortuna,e</strong></span> <span class='ocrx_word' id='word_1_23' title='bbox 595 700 630 760; x_wconf 93' lang='lat' dir='ltr'><strong>ut</strong></span> <span class='ocrx_word' id='word_1_24' title='bbox 645 694 701 759; x_wconf 91' lang='lat' dir='ltr'><strong>diu</strong></span> <span class='ocrx_word' id='word_1_25' title='bbox 714 696 913 776; x_wconf 81' lang='lat' dir='ltr'><strong>penitusque</strong></span> <span class='ocrx_word' id='word_1_26' title='bbox 927 695 1148 777; x_wconf 80' lang='lat' dir='ltr'><strong>perdisceres,</strong></span> <span class='ocrx_word' id='word_1_27' title='bbox 1163 714 1239 776; x_wconf 84' lang='lat' dir='ltr'><strong>quse</strong></span> <span class='ocrx_word' id='word_1_28' title='bbox 1249 714 1330 760; x_wconf 84' lang='lat' dir='ltr'><strong>mox</strong></span> 
     </span>
     <span class='ocr_line' id='line_1_5' title="bbox 233 793 1331 880; baseline -0.001 -20"><span class='ocrx_word' id='word_1_29' title='bbox 233 797 419 880; x_wconf 76' lang='lat' dir='ltr'><strong>praecipere</strong></span> <span class='ocrx_word' id='word_1_30' title='bbox 431 795 581 860; x_wconf 81' lang='lat' dir='ltr'><strong>deberes.</strong></span> <span class='ocrx_word' id='word_1_31' title='bbox 603 796 634 860; x_wconf 84' lang='lat'><strong>2.</strong></span> <span class='ocrx_word' id='word_1_32' title='bbox 650 793 772 877; x_wconf 89' lang='lat' dir='ltr'><strong>Neque</strong></span> <span class='ocrx_word' id='word_1_33' title='bbox 789 795 878 859; x_wconf 90' lang='lat' dir='ltr'><strong>enim</strong></span> <span class='ocrx_word' id='word_1_34' title='bbox 891 796 1112 879; x_wconf 84' lang='lat' dir='ltr'><strong>prospexisse</strong></span> <span class='ocrx_word' id='word_1_35' title='bbox 1123 803 1245 870; x_wconf 82' lang='lat' dir='ltr'><strong>castre,</strong></span> <span class='ocrx_word' id='word_1_36' title='bbox 1257 797 1331 860; x_wconf 89' lang='lat' dir='ltr'><strong>hre-</strong></span> 
     </span>
     <span class='ocr_line' id='line_1_6' title="bbox 234 895 1330 980; baseline -0.004 -15"><span class='ocrx_word' id='word_1_37' title='bbox 234 915 377 980; x_wconf 87' lang='lat' dir='ltr'><strong>vemque</strong></span> <span class='ocrx_word' id='word_1_38' title='bbox 399 895 554 960; x_wconf 86' lang='lat' dir='ltr'><strong>militiam</strong></span> <span class='ocrx_word' id='word_1_39' title='bbox 578 895 677 978; x_wconf 86' lang='lat' dir='ltr'>quasi</span> <span class='ocrx_word' id='word_1_40' title='bbox 702 897 873 973; x_wconf 79' lang='lat' dir='ltr'><strong>transisse,</strong></span> <span class='ocrx_word' id='word_1_41' title='bbox 895 903 1083 973; x_wconf 89' lang='lat' dir='ltr'><strong>contentus,</strong></span> <span class='ocrx_word' id='word_1_42' title='bbox 1098 899 1146 960; x_wconf 84' lang='lat' dir='ltr'><strong>ita</strong></span> <span class='ocrx_word' id='word_1_43' title='bbox 1161 897 1259 976; x_wconf 84' lang='lat' dir='ltr'><strong>egisti</strong></span> <span class='ocrx_word' id='word_1_44' title='bbox 1277 897 1330 961; x_wconf 87' lang='lat' dir='ltr'><strong>tri-</strong></span> 
     </span>
     <span class='ocr_line' id='line_1_7' title="bbox 235 996 1330 1080; baseline -0.002 -18"><span class='ocrx_word' id='word_1_45' title='bbox 235 999 372 1075; x_wconf 87' lang='lat' dir='ltr'><strong>bunum,</strong></span> <span class='ocrx_word' id='word_1_46' title='bbox 388 1003 425 1062; x_wconf 90' lang='lat' dir='ltr'><strong>nt</strong></span> <span class='ocrx_word' id='word_1_47' title='bbox 438 1017 512 1061; x_wconf 89' lang='lat' dir='ltr'><strong>esse</strong></span> <span class='ocrx_word' id='word_1_48' title='bbox 529 997 597 1060; x_wconf 84' lang='lat' dir='ltr'><strong>dnx</strong></span> <span class='ocrx_word' id='word_1_49' title='bbox 614 996 726 1061; x_wconf 79' lang='lat' dir='ltr'><strong>stetim</strong></span> <span class='ocrx_word' id='word_1_50' title='bbox 743 1016 875 1079; x_wconf 87' lang='lat' dir='ltr'><strong>posses,</strong></span> <span class='ocrx_word' id='word_1_51' title='bbox 894 999 1041 1080; x_wconf 87' lang='lat' dir='ltr'><strong>nihilque</strong></span> <span class='ocrx_word' id='word_1_52' title='bbox 1057 998 1250 1062; x_wconf 90' lang='lat' dir='ltr'><strong>discendum</strong></span> <span class='ocrx_word' id='word_1_53' title='bbox 1273 997 1330 1060; x_wconf 84' lang='lat' dir='ltr'><strong>he-</strong></span> 
     </span>
     <span class='ocr_line' id='line_1_8' title="bbox 235 1093 1331 1182; baseline -0.003 -19"><span class='ocrx_word' id='word_1_54' title='bbox 235 1100 332 1168; x_wconf 86' lang='lat' dir='ltr'><strong>bercs</strong></span> <span class='ocrx_word' id='word_1_55' title='bbox 342 1107 488 1182; x_wconf 85' lang='lat' dir='ltr'><strong>tempore</strong></span> <span class='ocrx_word' id='word_1_56' title='bbox 503 1096 651 1162; x_wconf 90' lang='lat' dir='ltr'><strong>docendi.</strong></span> <span class='ocrx_word' id='word_1_57' title='bbox 672 1097 704 1162; x_wconf 84' lang='lat'><strong>3.</strong></span> <span class='ocrx_word' id='word_1_58' title='bbox 721 1096 915 1180; x_wconf 73' lang='lat' dir='ltr'><strong>cognovisti</strong></span> <span class='ocrx_word' id='word_1_59' title='bbox 927 1119 987 1182; x_wconf 87' lang='lat' dir='ltr'><strong>per</strong></span> <span class='ocrx_word' id='word_1_60' title='bbox 1003 1097 1174 1180; x_wconf 83' lang='lat' dir='ltr'><strong>stipendis</strong></span> <span class='ocrx_word' id='word_1_61' title='bbox 1188 1093 1331 1174; x_wconf 81' lang='lat' dir='ltr'><strong>decern,‘¹</strong></span> 
     </span>
     <span class='ocr_line' id='line_1_9' title="bbox 236 1199 1332 1282; baseline 0 -20"><span class='ocrx_word' id='word_1_62' title='bbox 236 1201 345 1264; x_wconf 86' lang='lat' dir='ltr'><strong>mor&#39;es</strong></span> <span class='ocrx_word' id='word_1_63' title='bbox 373 1199 528 1280; x_wconf 87' lang='lat' dir='ltr'><strong>gentium,</strong></span> <span class='ocrx_word' id='word_1_64' title='bbox 554 1199 726 1280; x_wconf 86' lang='lat' dir='ltr'><strong>regionum</strong></span> <span class='ocrx_word' id='word_1_65' title='bbox 751 1199 851 1277; x_wconf 91' lang='lat' dir='ltr'><strong>situs,</strong></span> <span class='ocrx_word' id='word_1_66' title='bbox 877 1200 1149 1282; x_wconf 85' lang='lat' dir='ltr'><strong>opportunitates</strong></span> <span class='ocrx_word' id='word_1_67' title='bbox 1163 1200 1332 1279; x_wconf 84' lang='lat' dir='ltr'><strong>locorum;</strong></span> 
     </span>
     <span class='ocr_line' id='line_1_10' title="bbox 220 1287 1331 1384; baseline -0.002 -21"><span class='ocrx_word' id='word_1_68' title='bbox 220 1287 268 1364; x_wconf 71' lang='lat' dir='ltr'><strong>&#39;et</strong></span> <span class='ocrx_word' id='word_1_69' title='bbox 283 1298 447 1366; x_wconf 83' lang='lat' dir='ltr'><strong>diversam</strong></span> <span class='ocrx_word' id='word_1_70' title='bbox 463 1319 624 1382; x_wconf 83' lang='lat' dir='ltr'><strong>equarum</strong></span> <span class='ocrx_word' id='word_1_71' title='bbox 639 1299 785 1382; x_wconf 86' lang='lat' dir='ltr'><strong>coelique</strong></span> <span class='ocrx_word' id='word_1_72' title='bbox 796 1301 1002 1384; x_wconf 86' lang='lat' dir='ltr'><strong>temperiem,</strong></span> <span class='ocrx_word' id='word_1_73' title='bbox 1016 1307 1053 1364; x_wconf 93' lang='lat' dir='ltr'><strong>ut</strong></span> <span class='ocrx_word' id='word_1_74' title='bbox 1067 1301 1194 1383; x_wconf 78' lang='lat' dir='ltr'><strong>patrios</strong></span> <span class='ocrx_word' id='word_1_75' title='bbox 1209 1299 1331 1376; x_wconf 83' lang='lat' dir='ltr'><strong>sontes,</strong></span> 
     </span>
     <span class='ocr_line' id='line_1_11' title="bbox 236 1401 1331 1484; baseline 0 -20"><span class='ocrx_word' id='word_1_76' title='bbox 236 1402 449 1483; x_wconf 81' lang='lat' dir='ltr'><strong>patriumque</strong></span> <span class='ocrx_word' id='word_1_77' title='bbox 465 1401 570 1477; x_wconf 89' lang='lat' dir='ltr'><strong>sidus,</strong></span> <span class='ocrx_word' id='word_1_78' title='bbox 585 1401 668 1466; x_wconf 85' lang='lat' dir='ltr'><strong>ferre</strong></span> <span class='ocrx_word' id='word_1_79' title='bbox 685 1402 868 1466; x_wconf 79' lang='lat' dir='ltr'><strong>consuesti.</strong></span> <span class='ocrx_word' id='word_1_80' title='bbox 895 1403 928 1464; x_wconf 88' lang='grc'><strong>4.</strong></span> <span class='ocrx_word' id='word_1_81' title='bbox 944 1401 1088 1480; x_wconf 82' lang='lat' dir='ltr'><strong>Quoties</strong></span> <span class='ocrx_word' id='word_1_82' title='bbox 1102 1409 1235 1484; x_wconf 58' lang='lat' dir='ltr'><strong>equos,t</strong></span> <span class='ocrx_word' id='word_1_83' title='bbox 1250 1421 1331 1484; x_wconf 79' lang='lat' dir='ltr'><strong>quo·</strong></span> 
     </span>
     <span class='ocr_line' id='line_1_12' title="bbox 236 1497 1332 1585; baseline 0.001 -21"><span class='ocrx_word' id='word_1_84' title='bbox 236 1502 302 1572; x_wconf 84' lang='lat' dir='ltr'><strong>ties</strong></span> <span class='ocrx_word' id='word_1_85' title='bbox 311 1501 449 1574; x_wconf 84' lang='lat' dir='ltr'><strong>emerite</strong></span> <span class='ocrx_word' id='word_1_86' title='bbox 460 1497 734 1576; x_wconf 62' lang='lat' dir='ltr'><strong>ermefmutesti!</strong></span> <span class='ocrx_word' id='word_1_87' title='bbox 750 1501 872 1566; x_wconf 88' lang='lat' dir='ltr'><strong>Veniet</strong></span> <span class='ocrx_word' id='word_1_88' title='bbox 880 1522 961 1584; x_wconf 85' lang='lat' dir='ltr'><strong>ergo</strong></span> <span class='ocrx_word' id='word_1_89' title='bbox 973 1510 1117 1585; x_wconf 88' lang='lat' dir='ltr'><strong>tempus,</strong></span> <span class='ocrx_word' id='word_1_90' title='bbox 1130 1522 1197 1585; x_wconf 89' lang='lat' dir='ltr'><strong>quo</strong></span> <span class='ocrx_word' id='word_1_91' title='bbox 1209 1501 1332 1585; x_wconf 89' lang='lat' dir='ltr'><strong>posteri</strong></span> 
     </span>
     <span class='ocr_line' id='line_1_13' title="bbox 236 1601 1331 1686; baseline 0.002 -22"><span class='ocrx_word' id='word_1_92' title='bbox 236 1603 357 1677; x_wconf 86' lang='lat' dir='ltr'><strong>visere,</strong></span> <span class='ocrx_word' id='word_1_93' title='bbox 374 1601 605 1684; x_wconf 78' lang='lat' dir='ltr'><strong>visendamque</strong></span> <span class='ocrx_word' id='word_1_94' title='bbox 621 1601 750 1665; x_wconf 80' lang='lat' dir='ltr'><strong>trudere</strong></span> <span class='ocrx_word' id='word_1_95' title='bbox 769 1603 954 1681; x_wconf 86' lang='lat' dir='ltr'><strong>minorihus</strong></span> <span class='ocrx_word' id='word_1_96' title='bbox 979 1604 1063 1680; x_wconf 88' lang='lat' dir='ltr'><strong>suis,</strong></span> <span class='ocrx_word' id='word_1_97' title='bbox 1086 1605 1239 1686; x_wconf 86' lang='lat' dir='ltr'><strong>gestient,</strong></span> <span class='ocrx_word' id='word_1_98' title='bbox 1255 1605 1331 1686; x_wconf 89' lang='lat' dir='ltr'><strong>qui-s</strong></span> 
     </span>
     <span class='ocr_line' id='line_1_14' title="bbox 237 1702 1330 1787; baseline 0.002 -21"><span class='ocrx_word' id='word_1_99' title='bbox 237 1703 378 1766; x_wconf 89' lang='lat' dir='ltr'><strong>sudores</strong></span> <span class='ocrx_word' id='word_1_100' title='bbox 392 1708 467 1767; x_wconf 91' lang='lat' dir='ltr'><strong>tuos</strong></span> <span class='ocrx_word' id='word_1_101' title='bbox 483 1702 636 1767; x_wconf 83' lang='lat' dir='ltr'><strong>hauserit</strong></span> <span class='ocrx_word' id='word_1_102' title='bbox 648 1722 806 1785; x_wconf 84' lang='lat' dir='ltr'><strong>cempus;</strong></span> <span class='ocrx_word' id='word_1_103' title='bbox 830 1724 906 1787; x_wconf 83' lang='lat' dir='ltr'><strong>quae</strong></span> <span class='ocrx_word' id='word_1_104' title='bbox 925 1705 1122 1768; x_wconf 85' lang='lat' dir='ltr'><strong>refectiones</strong></span> <span class='ocrx_word' id='word_1_105' title='bbox 1139 1713 1215 1768; x_wconf 87' lang='lat' dir='ltr'><strong>tuas</strong></span> <span class='ocrx_word' id='word_1_106' title='bbox 1235 1706 1330 1768; x_wconf 87' lang='lat' dir='ltr'><strong>arbo-</strong></span> 
     </span>
    </p>
   </div>
   <div class='ocr_carea' id='block_1_3' title="bbox 693 1859 874 1898">
    <p class='ocr_par' dir='ltr' id='par_1_3' title="bbox 693 1859 874 1898">
     <span class='ocr_line' id='line_1_15' title="bbox 693 1859 874 1898; baseline 0 -1"><span class='ocrx_word' id='word_1_107' title='bbox 693 1859 874 1898; x_wconf 53' lang='grc' dir='ltr'><strong>ΜΝΙθΟΟΙθΙΙ</strong></span> 
     </span>
    </p>
   </div>
   <div class='ocr_carea' id='block_1_4' title="bbox 235 1989 1335 3015">
    <p class='ocr_par' dir='ltr' id='par_1_4' title="bbox 235 1989 1335 3012">
     <span class='ocr_line' id='line_1_16' title="bbox 270 1989 1333 2057; baseline 0.003 -17"><span class='ocrx_word' id='word_1_108' title='bbox 270 1990 337 2040; x_wconf 83' lang='lat' dir='ltr'><strong>Csr.</strong></span> <span class='ocrx_word' id='word_1_109' title='bbox 348 2004 398 2040; x_wconf 86' lang='lat' dir='ltr'><strong>xv.</strong></span> <span class='ocrx_word' id='word_1_110' title='bbox 425 1994 437 2038; x_wconf 93' lang='lat'>1</span> <span class='ocrx_word' id='word_1_111' title='bbox 457 1989 805 2054; x_wconf 77' lang='lat' dir='ltr'><strong>Proproeuuuerrte,1.ipsius</strong></span> <span class='ocrx_word' id='word_1_112' title='bbox 824 1993 888 2054; x_wconf 79' lang='lat' dir='ltr'><strong>legit</strong></span> <span class='ocrx_word' id='word_1_113' title='bbox 909 1994 1087 2057; x_wconf 78' lang='lat' dir='ltr'><strong>premusieste,</strong></span> <span class='ocrx_word' id='word_1_114' title='bbox 1113 1995 1153 2042; x_wconf 86' lang='lat' dir='ltr'><strong>vel</strong></span> <span class='ocrx_word' id='word_1_115' title='bbox 1164 1993 1333 2056; x_wconf 80' lang='lat' dir='ltr'><strong>premotieute.</strong></span> 
     </span>
     <span class='ocr_line' id='line_1_17' title="bbox 237 2054 1333 2120; baseline 0.002 -16"><span class='ocrx_word' id='word_1_116' title='bbox 237 2056 306 2120; x_wconf 91' lang='lat' dir='ltr'><strong>qnod</strong></span> <span class='ocrx_word' id='word_1_117' title='bbox 320 2054 435 2104; x_wconf 82' lang='lat' dir='ltr'><strong>Liuineio</strong></span> <span class='ocrx_word' id='word_1_118' title='bbox 454 2055 555 2116; x_wconf 82' lang='lat' dir='ltr'><strong>plecet3</strong></span> <span class='ocrx_word' id='word_1_119' title='bbox 572 2057 616 2101; x_wconf 87' lang='lat' dir='ltr'><strong>sed</strong></span> <span class='ocrx_word' id='word_1_120' title='bbox 634 2054 675 2104; x_wconf 89' lang='lat' dir='ltr'><strong>slii</strong></span> <span class='ocrx_word' id='word_1_121' title='bbox 691 2064 847 2105; x_wconf 83' lang='lat' dir='ltr'><strong>morrnernnt</strong></span> <span class='ocrx_word' id='word_1_122' title='bbox 861 2058 923 2106; x_wconf 88' lang='lat' dir='ltr'><strong>nihil</strong></span> <span class='ocrx_word' id='word_1_123' title='bbox 938 2073 995 2106; x_wconf 87' lang='lat' dir='ltr'><strong>esse</strong></span> <span class='ocrx_word' id='word_1_124' title='bbox 1011 2059 1169 2116; x_wconf 77' lang='lat' dir='ltr'><strong>inurendum.</strong></span> <span class='ocrx_word' id='word_1_125' title='bbox 1203 2059 1233 2106; x_wconf 91' lang='lat' dir='ltr'><strong>In</strong></span> <span class='ocrx_word' id='word_1_126' title='bbox 1246 2058 1333 2106; x_wconf 89' lang='lat' dir='ltr'><strong>multis</strong></span> 
     </span>
     <span class='ocr_line' id='line_1_18' title="bbox 237 2117 1334 2185; baseline 0.001 -17"><span class='ocrx_word' id='word_1_127' title='bbox 237 2119 298 2168; x_wconf 83' lang='lat' dir='ltr'><strong>cdd.</strong></span> <span class='ocrx_word' id='word_1_128' title='bbox 311 2119 414 2167; x_wconf 81' lang='lat' dir='ltr'><strong>Puteol.</strong></span> <span class='ocrx_word' id='word_1_129' title='bbox 426 2117 548 2166; x_wconf 78' lang='lat' dir='ltr'><strong>Beroald·</strong></span> <span class='ocrx_word' id='word_1_130' title='bbox 559 2118 652 2167; x_wconf 79' lang='lat' dir='ltr'><strong>caten.</strong></span> <span class='ocrx_word' id='word_1_131' title='bbox 665 2119 815 2181; x_wconf 79' lang='lat' dir='ltr'><strong>cuspinisn.</strong></span> <span class='ocrx_word' id='word_1_132' title='bbox 828 2121 899 2182; x_wconf 87' lang='lat' dir='ltr'><strong>Lips.</strong></span> <span class='ocrx_word' id='word_1_133' title='bbox 912 2129 939 2170; x_wconf 90' lang='lat' dir='ltr'><strong>et</strong></span> <span class='ocrx_word' id='word_1_134' title='bbox 950 2123 984 2171; x_wconf 85' lang='lat' dir='ltr'><strong>el.</strong></span> <span class='ocrx_word' id='word_1_135' title='bbox 1011 2122 1054 2170; x_wconf 88' lang='lat' dir='ltr'><strong>diu</strong></span> <span class='ocrx_word' id='word_1_136' title='bbox 1070 2123 1172 2185; x_wconf 72' lang='lat' dir='ltr'><strong>pruritu,</strong></span> <span class='ocrx_word' id='word_1_137' title='bbox 1183 2123 1281 2185; x_wconf 84' lang='lat' dir='ltr'><strong>rejecta</strong></span> <span class='ocrx_word' id='word_1_138' title='bbox 1292 2136 1334 2169; x_wconf 76' lang='lat' dir='ltr'><strong>co-</strong></span> 
     </span>
     <span class='ocr_line' id='line_1_19' title="bbox 236 2182 1333 2250; baseline 0.004 -20"><span class='ocrx_word' id='word_1_139' title='bbox 236 2184 299 2246; x_wconf 75' lang='lat' dir='ltr'><strong>pula</strong></span> <span class='ocrx_word' id='word_1_140' title='bbox 316 2196 378 2244; x_wconf 73' lang='lat' dir='ltr'><strong>quer</strong></span> <span class='ocrx_word' id='word_1_141' title='bbox 399 2195 457 2230; x_wconf 91' lang='lat' dir='ltr'><strong>curn</strong></span> <span class='ocrx_word' id='word_1_142' title='bbox 475 2182 542 2230; x_wconf 81' lang='lat' dir='ltr'><strong>hunc</strong></span> <span class='ocrx_word' id='word_1_143' title='bbox 558 2196 647 2230; x_wconf 89' lang='lat' dir='ltr'><strong>omues</strong></span> <span class='ocrx_word' id='word_1_144' title='bbox 665 2183 743 2231; x_wconf 87' lang='lat' dir='ltr'><strong>codd.</strong></span> <span class='ocrx_word' id='word_1_145' title='bbox 763 2193 914 2246; x_wconf 75' lang='lat' dir='ltr'><strong>agnoscunt,</strong></span> <span class='ocrx_word' id='word_1_146' title='bbox 932 2194 958 2234; x_wconf 89' lang='lat' dir='ltr'><strong>et</strong></span> <span class='ocrx_word' id='word_1_147' title='bbox 977 2188 1028 2250; x_wconf 83' lang='lat' dir='ltr'><strong>jorn</strong></span> <span class='ocrx_word' id='word_1_148' title='bbox 1047 2186 1180 2248; x_wconf 85' lang='lat' dir='ltr'><strong>Gryphius</strong></span> <span class='ocrx_word' id='word_1_149' title='bbox 1199 2201 1240 2234; x_wconf 83' lang='lat' dir='ltr'><strong>sn.</strong></span> <span class='ocrx_word' id='word_1_150' title='bbox 1261 2189 1333 2234; x_wconf 68' lang='lat' dir='ltr'><strong>leel.</strong></span> 
     </span>
     <span class='ocr_line' id='line_1_20' title="bbox 237 2245 1334 2312; baseline 0.004 -18"><span class='ocrx_word' id='word_1_151' title='bbox 237 2245 332 2296; x_wconf 87' lang='lat' dir='ltr'><strong>deiude</strong></span> <span class='ocrx_word' id='word_1_152' title='bbox 350 2245 468 2294; x_wconf 85' lang='lat' dir='ltr'><strong>Sichsrd.</strong></span> <span class='ocrx_word' id='word_1_153' title='bbox 486 2246 582 2309; x_wconf 82' lang='lat' dir='ltr'><strong>aliique</strong></span> <span class='ocrx_word' id='word_1_154' title='bbox 598 2247 801 2308; x_wconf 65' lang='lat' dir='ltr'><strong>evulgatus-t</strong></span> <span class='ocrx_word' id='word_1_155' title='bbox 818 2249 901 2296; x_wconf 85' lang='lat' dir='ltr'><strong>Codd.</strong></span> <span class='ocrx_word' id='word_1_156' title='bbox 917 2251 976 2298; x_wconf 86' lang='lat' dir='ltr'><strong>Vst.</strong></span> <span class='ocrx_word' id='word_1_157' title='bbox 995 2255 1020 2298; x_wconf 84' lang='grc'><strong>4.</strong></span> <span class='ocrx_word' id='word_1_158' title='bbox 1035 2259 1061 2298; x_wconf 89' lang='lat' dir='ltr'><strong>et</strong></span> <span class='ocrx_word' id='word_1_159' title='bbox 1077 2251 1192 2312; x_wconf 81' lang='lat' dir='ltr'><strong>Guelptr.</strong></span> <span class='ocrx_word' id='word_1_160' title='bbox 1212 2251 1334 2312; x_wconf 77' lang='lat' dir='ltr'><strong>prospexit</strong></span> 
     </span>
     <span class='ocr_line' id='line_1_21' title="bbox 235 2309 1333 2377; baseline 0.002 -17"><span class='ocrx_word' id='word_1_161' title='bbox 235 2316 325 2360; x_wconf 81' lang='lat' dir='ltr'><strong>cestra.</strong></span> <span class='ocrx_word' id='word_1_162' title='bbox 358 2312 365 2340; x_wconf 85' lang='lat'>‘</span> <span class='ocrx_word' id='word_1_163' title='bbox 380 2309 492 2358; x_wconf 84' lang='lat' dir='ltr'><strong>Haersnt</strong></span> <span class='ocrx_word' id='word_1_164' title='bbox 507 2312 665 2372; x_wconf 83' lang='lat' dir='ltr'><strong>interpretes</strong></span> <span class='ocrx_word' id='word_1_165' title='bbox 682 2311 707 2364; x_wconf 88' lang='lat' dir='ltr'><strong>io</strong></span> <span class='ocrx_word' id='word_1_166' title='bbox 717 2313 800 2360; x_wconf 84' lang='lat' dir='ltr'><strong>-verho</strong></span> <span class='ocrx_word' id='word_1_167' title='bbox 812 2314 928 2360; x_wconf 73' lang='lat' dir='ltr'><strong>transire·</strong></span> <span class='ocrx_word' id='word_1_168' title='bbox 956 2314 1042 2362; x_wconf 83' lang='lat' dir='ltr'><strong>Schts.</strong></span> <span class='ocrx_word' id='word_1_169' title='bbox 1054 2316 1176 2377; x_wconf 82' lang='lat' dir='ltr'><strong>explicet,</strong></span> <span class='ocrx_word' id='word_1_170' title='bbox 1191 2315 1333 2376; x_wconf 67' lang='lat' dir='ltr'><strong>preterire.</strong></span> 
     </span>
     <span class='ocr_line' id='line_1_22' title="bbox 236 2373 1334 2439; baseline 0.005 -17"><span class='ocrx_word' id='word_1_171' title='bbox 236 2373 361 2424; x_wconf 79' lang='lat' dir='ltr'><strong>Arntssn.</strong></span> <span class='ocrx_word' id='word_1_172' title='bbox 377 2381 503 2422; x_wconf 80' lang='lat' dir='ltr'><strong>muretum</strong></span> <span class='ocrx_word' id='word_1_173' title='bbox 522 2374 585 2422; x_wconf 84' lang='lat' dir='ltr'><strong>velit</strong></span> <span class='ocrx_word' id='word_1_174' title='bbox 601 2375 627 2422; x_wconf 93' lang='lat' dir='ltr'><strong>in</strong></span> <span class='ocrx_word' id='word_1_175' title='bbox 644 2376 774 2436; x_wconf 80' lang='lat' dir='ltr'><strong>transilire,</strong></span> <span class='ocrx_word' id='word_1_176' title='bbox 792 2384 821 2424; x_wconf 89' lang='lat' dir='ltr'><strong>nt</strong></span> <span class='ocrx_word' id='word_1_177' title='bbox 840 2377 920 2439; x_wconf 86' lang='lat' dir='ltr'><strong>nrsjor</strong></span> <span class='ocrx_word' id='word_1_178' title='bbox 936 2379 1056 2426; x_wconf 84' lang='lat' dir='ltr'><strong>celeritas</strong></span> <span class='ocrx_word' id='word_1_179' title='bbox 1069 2379 1214 2428; x_wconf 83' lang='lat' dir='ltr'><strong>indicetsrr</strong></span> <span class='ocrx_word' id='word_1_180' title='bbox 1227 2377 1334 2428; x_wconf 76' lang='lat' dir='ltr'><strong>frustra.</strong></span> 
     </span>
     <span class='ocr_line' id='line_1_23' title="bbox 239 2436 1334 2500; baseline 0.002 -12"><span class='ocrx_word' id='word_1_181' title='bbox 239 2439 352 2488; x_wconf 68' lang='lat' dir='ltr'><strong>lrunure</strong></span> <span class='ocrx_word' id='word_1_182' title='bbox 361 2436 491 2486; x_wconf 85' lang='lat' dir='ltr'><strong>interdum</strong></span> <span class='ocrx_word' id='word_1_183' title='bbox 508 2443 557 2496; x_wconf 89' lang='lat' dir='ltr'><strong>est,</strong></span> <span class='ocrx_word' id='word_1_184' title='bbox 574 2439 725 2500; x_wconf 77' lang='lat' dir='ltr'><strong>transigere.</strong></span> <span class='ocrx_word' id='word_1_185' title='bbox 751 2441 857 2488; x_wconf 82' lang='lat' dir='ltr'><strong>Sallust.</strong></span> <span class='ocrx_word' id='word_1_186' title='bbox 868 2444 927 2489; x_wconf 82' lang='lat' dir='ltr'><strong>Cat.</strong></span> <span class='ocrx_word' id='word_1_187' title='bbox 941 2446 964 2488; x_wconf 91' lang='grc'><strong>1.</strong></span> <span class='ocrx_word' id='word_1_188' title='bbox 979 2444 1076 2492; x_wconf 78' lang='lat' dir='ltr'><strong>‘vitstn</strong></span> <span class='ocrx_word' id='word_1_189' title='bbox 1089 2444 1194 2492; x_wconf 82' lang='lat' dir='ltr'><strong>silentio</strong></span> <span class='ocrx_word' id='word_1_190' title='bbox 1207 2456 1238 2490; x_wconf 90' lang='lat' dir='ltr'><strong>ne</strong></span> <span class='ocrx_word' id='word_1_191' title='bbox 1251 2450 1334 2491; x_wconf 83' lang='lat' dir='ltr'><strong>truns-</strong></span> 
     </span>
     <span class='ocr_line' id='line_1_24' title="bbox 237 2499 1334 2566; baseline 0 -14"><span class='ocrx_word' id='word_1_192' title='bbox 237 2502 331 2562; x_wconf 79' lang='lat' dir='ltr'><strong>esut3’</strong></span> <span class='ocrx_word' id='word_1_193' title='bbox 350 2502 395 2550; x_wconf 93' lang='lat' dir='ltr'><strong>uhi</strong></span> <span class='ocrx_word' id='word_1_194' title='bbox 414 2503 466 2552; x_wconf 87' lang='lat' dir='ltr'><strong>vid.</strong></span> <span class='ocrx_word' id='word_1_195' title='bbox 482 2501 604 2552; x_wconf 65' lang='lat' dir='ltr'><strong>Cottius!</strong></span> <span class='ocrx_word' id='word_1_196' title='bbox 622 2503 717 2563; x_wconf 72' lang='lat' dir='ltr'><strong>Gierig.</strong></span> <span class='ocrx_word' id='word_1_197' title='bbox 751 2505 873 2554; x_wconf 81' lang='lat' dir='ltr'><strong>Beroald.</strong></span> <span class='ocrx_word' id='word_1_198' title='bbox 891 2507 963 2566; x_wconf 77' lang='lat' dir='ltr'><strong>egisti</strong></span> <span class='ocrx_word' id='word_1_199' title='bbox 978 2507 1135 2555; x_wconf 78' lang='lat' dir='ltr'><strong>tribunatum.</strong></span> <span class='ocrx_word' id='word_1_200' title='bbox 1169 2507 1251 2556; x_wconf 87' lang='lat' dir='ltr'><strong>Codd.</strong></span> <span class='ocrx_word' id='word_1_201' title='bbox 1262 2499 1334 2553; x_wconf 85' lang='lat' dir='ltr'><strong>Vs&#39;tt.</strong></span> 
     </span>
     <span class='ocr_line' id='line_1_25' title="bbox 236 2565 1335 2633; baseline 0 -17"><span class='ocrx_word' id='word_1_202' title='bbox 236 2573 264 2616; x_wconf 85' lang='lat' dir='ltr'><strong>ut</strong></span> <span class='ocrx_word' id='word_1_203' title='bbox 285 2569 336 2616; x_wconf 77' lang='lat' dir='ltr'><strong>dus</strong></span> <span class='ocrx_word' id='word_1_204' title='bbox 356 2581 406 2616; x_wconf 83' lang='lat' dir='ltr'><strong>esse</strong></span> <span class='ocrx_word' id='word_1_205' title='bbox 424 2567 507 2620; x_wconf 78' lang='lat' dir='ltr'><strong>statius</strong></span> <span class='ocrx_word' id='word_1_206' title='bbox 523 2569 660 2629; x_wconf 71' lang='lat' dir='ltr'><strong>posses-³</strong></span> <span class='ocrx_word' id='word_1_207' title='bbox 678 2565 759 2615; x_wconf 88' lang='lat' dir='ltr'><strong>Codd.</strong></span> <span class='ocrx_word' id='word_1_208' title='bbox 778 2570 839 2617; x_wconf 84' lang='lat' dir='ltr'><strong>Vst.</strong></span> <span class='ocrx_word' id='word_1_209' title='bbox 855 2572 880 2617; x_wconf 77' lang='lat' dir='ltr'><strong>l.</strong></span> <span class='ocrx_word' id='word_1_210' title='bbox 898 2578 926 2617; x_wconf 92' lang='lat' dir='ltr'><strong>et</strong></span> <span class='ocrx_word' id='word_1_211' title='bbox 943 2569 1056 2632; x_wconf 85' lang='lat' dir='ltr'><strong>Guelph.</strong></span> <span class='ocrx_word' id='word_1_212' title='bbox 1078 2572 1244 2633; x_wconf 80' lang='lat' dir='ltr'><strong>regionumque</strong></span> <span class='ocrx_word' id='word_1_213' title='bbox 1265 2571 1335 2617; x_wconf 85' lang='lat' dir='ltr'><strong>situs.</strong></span> 
     </span>
     <span class='ocr_line' id='line_1_26' title="bbox 236 2630 1334 2697; baseline -0.002 -15"><span class='ocrx_word' id='word_1_214' title='bbox 236 2633 311 2694; x_wconf 85' lang='lat' dir='ltr'><strong>Mos,</strong></span> <span class='ocrx_word' id='word_1_215' title='bbox 324 2646 371 2694; x_wconf 88' lang='lat' dir='ltr'><strong>pro</strong></span> <span class='ocrx_word' id='word_1_216' title='bbox 382 2645 445 2680; x_wconf 87' lang='lat' dir='ltr'><strong>voce</strong></span> <span class='ocrx_word' id='word_1_217' title='bbox 455 2645 576 2693; x_wconf 79' lang='lat' dir='ltr'><strong>equorum,</strong></span> <span class='ocrx_word' id='word_1_218' title='bbox 588 2630 704 2678; x_wconf 80' lang='lat' dir='ltr'><strong>librarius</strong></span> <span class='ocrx_word' id='word_1_219' title='bbox 717 2632 775 2678; x_wconf 87' lang='lat' dir='ltr'><strong>cod.</strong></span> <span class='ocrx_word' id='word_1_220' title='bbox 786 2633 869 2682; x_wconf 86' lang='lat' dir='ltr'><strong>Pstis.</strong></span> <span class='ocrx_word' id='word_1_221' title='bbox 881 2641 979 2682; x_wconf 82' lang='lat' dir='ltr'><strong>temere</strong></span> <span class='ocrx_word' id='word_1_222' title='bbox 994 2636 1128 2697; x_wconf 86' lang='lat' dir='ltr'><strong>rescripsit</strong></span> <span class='ocrx_word' id='word_1_223' title='bbox 1139 2641 1241 2684; x_wconf 76' lang='lat' dir='ltr'><strong>etatem.</strong></span> <span class='ocrx_word' id='word_1_224' title='bbox 1270 2635 1334 2681; x_wconf 86' lang='lat' dir='ltr'><strong>Por-</strong></span> 
     </span>
     <span class='ocr_line' id='line_1_27' title="bbox 236 2695 1335 2806; baseline -0.001 -62"><span class='ocrx_word' id='word_1_225' title='bbox 236 2710 277 2758; x_wconf 87' lang='lat' dir='ltr'><strong>ro,</strong></span> <span class='ocrx_word' id='word_1_226' title='bbox 286 2695 427 2744; x_wconf 69' lang='lat' dir='ltr'><strong>emeruit</strong></span> <span class='ocrx_word' id='word_1_227' title='bbox 438 2697 495 2771; x_wconf 67' lang='lat' dir='ltr'><strong>cod.</strong></span> <span class='ocrx_word' id='word_1_228' title='bbox 506 2695 600 2770; x_wconf 74' lang='lat' dir='ltr'><strong>Sslish.</strong></span> <span class='ocrx_word' id='word_1_229' title='bbox 610 2708 669 2806; x_wconf 46' lang='lat' dir='ltr'><strong>cuss</strong></span> <span class='ocrx_word' id='word_1_230' title='bbox 680 2695 740 2742; x_wconf 85' lang='lat' dir='ltr'><strong>edd.</strong></span> <span class='ocrx_word' id='word_1_231' title='bbox 753 2697 862 2746; x_wconf 83' lang='lat' dir='ltr'><strong>Froben.</strong></span> <span class='ocrx_word' id='word_1_232' title='bbox 875 2698 942 2762; x_wconf 80' lang='lat' dir='ltr'><strong>Lips.</strong></span> <span class='ocrx_word' id='word_1_233' title='bbox 951 2709 981 2748; x_wconf 81' lang='lat' dir='ltr'><strong>et</strong></span> <span class='ocrx_word' id='word_1_234' title='bbox 991 2700 1077 2760; x_wconf 81' lang='lat' dir='ltr'><strong>rulgg.</strong></span> <span class='ocrx_word' id='word_1_235' title='bbox 1096 2700 1213 2747; x_wconf 81' lang='lat' dir='ltr'><strong>consuesti</strong></span> <span class='ocrx_word' id='word_1_236' title='bbox 1223 2697 1335 2772; x_wconf 62' lang='lat' dir='ltr'><strong>(ltrelph.</strong></span> 
     </span>
     <span class='ocr_line' id='line_1_28' title="bbox 236 2759 1335 2888; baseline 0 -16"><span class='ocrx_word' id='word_1_237' title='bbox 236 2759 1335 2888; x_wconf 59' lang='lat' dir='ltr'><strong>lttrl⁰tttl¹utlt:tu,ttttltt⁶sl?.¹¹.⁶l·tttsttritltitltzl:</strong></span> 
     </span>
     <span class='ocr_line' id='line_1_29' title="bbox 236 2886 1333 3012; baseline 0.002 -14"><span class='ocrx_word' id='word_1_238' title='bbox 236 2886 1333 3012; x_wconf 61' lang='lat' dir='ltr'><strong>uetustius,tt‘ttl‘ut‘ltulltt⁸ttl⁶”lttttl¹ttult·</strong></span> 
     </span>
    </p>

    <p class='ocr_par' dir='ltr' id='par_1_5' title="bbox 349 2977 1335 3015">
     <span class='ocr_line' id='line_1_30' title="bbox 349 2977 1335 3015; baseline 0.002 -17"><span class='ocrx_word' id='word_1_239' title='bbox 349 2983 355 2998; x_wconf 87' lang='lat' dir='ltr'><strong>s</strong></span> <span class='ocrx_word' id='word_1_240' title='bbox 461 2985 466 2997; x_wconf 82' lang='grc' dir='ltr'>ι</span> <span class='ocrx_word' id='word_1_241' title='bbox 550 2981 557 2996; x_wconf 83' lang='lat' dir='ltr'><strong>s</strong></span> <span class='ocrx_word' id='word_1_242' title='bbox 654 2983 661 2998; x_wconf 75' lang='grc' dir='ltr'><strong>ο</strong></span> <span class='ocrx_word' id='word_1_243' title='bbox 756 2982 763 2997; x_wconf 81' lang='lat' dir='ltr'><strong>s</strong></span> <span class='ocrx_word' id='word_1_244' title='bbox 867 2983 874 2999; x_wconf 75' lang='lat' dir='ltr'><strong>s</strong></span> <span class='ocrx_word' id='word_1_245' title='bbox 1043 2985 1049 2999; x_wconf 88' lang='lat' dir='ltr'><strong>s</strong></span> <span class='ocrx_word' id='word_1_246' title='bbox 1199 2991 1206 3015; x_wconf 62' lang='lat'>5</span> <span class='ocrx_word' id='word_1_247' title='bbox 1325 2977 1335 2988; x_wconf 83' lang='lat'>·</span> 
     </span>
    </p>
   </div>
   <div class='ocr_carea' id='block_1_5' title="bbox 237 3013 1334 3078">
    <p class='ocr_par' dir='ltr' id='par_1_6' title="bbox 237 3013 1334 3078">
     <span class='ocr_line' id='line_1_31' title="bbox 237 3013 1334 3078; baseline 0.002 -15"><span class='ocrx_word' id='word_1_248' title='bbox 237 3014 308 3078; x_wconf 79' lang='lat' dir='ltr'><strong>pule,</strong></span> <span class='ocrx_word' id='word_1_249' title='bbox 319 3013 442 3064; x_wconf 83' lang='lat' dir='ltr'><strong>exhibent</strong></span> <span class='ocrx_word' id='word_1_250' title='bbox 454 3013 514 3062; x_wconf 87' lang='lat' dir='ltr'><strong>cdd.</strong></span> <span class='ocrx_word' id='word_1_251' title='bbox 530 3013 610 3076; x_wconf 86' lang='lat' dir='ltr'><strong>sntiq.</strong></span> <span class='ocrx_word' id='word_1_252' title='bbox 629 3013 752 3061; x_wconf 85' lang='lat' dir='ltr'><strong>Bsrthius</strong></span> <span class='ocrx_word' id='word_1_253' title='bbox 767 3013 797 3062; x_wconf 82' lang='lat' dir='ltr'><strong>rh</strong></span> <span class='ocrx_word' id='word_1_254' title='bbox 807 3030 851 3078; x_wconf 73' lang='lat' dir='ltr'><strong>pru</strong></span> <span class='ocrx_word' id='word_1_255' title='bbox 862 3017 977 3067; x_wconf 83' lang='lat' dir='ltr'><strong>restituit</strong></span> <span class='ocrx_word' id='word_1_256' title='bbox 989 3017 1021 3066; x_wconf 82' lang='lat' dir='ltr'><strong>sd</strong></span> <span class='ocrx_word' id='word_1_257' title='bbox 1035 3018 1170 3069; x_wconf 75' lang='lat' dir='ltr'><strong>Claudius.</strong></span> <span class='ocrx_word' id='word_1_258' title='bbox 1187 3019 1255 3068; x_wconf 83' lang='lat' dir='ltr'><strong>Bell.</strong></span> <span class='ocrx_word' id='word_1_259' title='bbox 1271 3017 1334 3068; x_wconf 84' lang='lat' dir='ltr'><strong>Get.</strong></span> 
     </span>
    </p>
   </div>
   <div class='ocr_carea' id='block_1_6' title="bbox 730 3175 841 3226">
    <p class='ocr_par' dir='ltr' id='par_1_7' title="bbox 730 3175 841 3226">
     <span class='ocr_line' id='line_1_32' title="bbox 730 3175 841 3226; baseline 0.018 -2"><span class='ocrx_word' id='word_1_260' title='bbox 730 3175 841 3226; x_wconf 82' lang='lat' dir='ltr'>NOTAE</span> 
     </span>
    </p>
   </div>
   <div class='ocr_carea' id='block_1_7' title="bbox 234 3287 1336 4262">
    <p class='ocr_par' dir='ltr' id='par_1_8' title="bbox 236 3287 1334 3507">
     <span class='ocr_line' id='line_1_33' title="bbox 268 3287 1334 3354; baseline 0 -18"><span class='ocrx_word' id='word_1_261' title='bbox 268 3295 281 3322; x_wconf 54' lang='grc' dir='ltr'>ὓ</span> <span class='ocrx_word' id='word_1_262' title='bbox 299 3287 427 3349; x_wconf 79' lang='lat' dir='ltr'><strong>Tribunus]</strong></span> <span class='ocrx_word' id='word_1_263' title='bbox 443 3288 575 3338; x_wconf 78' lang='lat' dir='ltr'><strong>Militaris.</strong></span> <span class='ocrx_word' id='word_1_264' title='bbox 604 3289 644 3337; x_wconf 84' lang='lat' dir='ltr'><strong>Ex</strong></span> <span class='ocrx_word' id='word_1_265' title='bbox 655 3288 766 3338; x_wconf 89' lang='lat' dir='ltr'><strong>tribunis</strong></span> <span class='ocrx_word' id='word_1_266' title='bbox 806 3292 887 3341; x_wconf 82' lang='lat' dir='ltr'><strong>liente.</strong></span> <span class='ocrx_word' id='word_1_267' title='bbox 920 3291 962 3340; x_wconf 81' lang='lat' dir='ltr'><strong>Its</strong></span> <span class='ocrx_word' id='word_1_268' title='bbox 973 3289 1085 3353; x_wconf 83' lang='lat' dir='ltr'><strong>Lipsius.</strong></span> <span class='ocrx_word' id='word_1_269' title='bbox 1119 3289 1172 3338; x_wconf 85' lang='lat' dir='ltr'><strong>Sed</strong></span> <span class='ocrx_word' id='word_1_270' title='bbox 1188 3289 1250 3354; x_wconf 89' lang='lat' dir='ltr'><strong>quid</strong></span> <span class='ocrx_word' id='word_1_271' title='bbox 1270 3303 1334 3352; x_wconf 87' lang='lat' dir='ltr'><strong>opus</strong></span> 
     </span>
     <span class='ocr_line' id='line_1_34' title="bbox 238 3363 1334 3436; baseline 0 -22"><span class='ocrx_word' id='word_1_272' title='bbox 238 3364 415 3436; x_wconf 30' lang='lat' dir='ltr'><strong>cliilequitunr,</strong></span> <span class='ocrx_word' id='word_1_273' title='bbox 427 3364 470 3411; x_wconf 84' lang='lat' dir='ltr'><strong>alii</strong></span> <span class='ocrx_word' id='word_1_274' title='bbox 483 3364 599 3426; x_wconf 88' lang='lat' dir='ltr'><strong>peditum</strong></span> <span class='ocrx_word' id='word_1_275' title='bbox 611 3372 695 3414; x_wconf 83' lang='lat' dir='ltr'><strong>erant.</strong></span> <span class='ocrx_word' id='word_1_276' title='bbox 730 3363 766 3412; x_wconf 91' lang='lat' dir='ltr'><strong>Hi</strong></span> <span class='ocrx_word' id='word_1_277' title='bbox 808 3366 999 3429; x_wconf 79' lang='lat' dir='ltr'><strong>emendatione,</strong></span> <span class='ocrx_word' id='word_1_278' title='bbox 1012 3367 1127 3431; x_wconf 82' lang='lat' dir='ltr'><strong>sineque</strong></span> <span class='ocrx_word' id='word_1_279' title='bbox 1140 3381 1232 3416; x_wconf 89' lang='lat' dir='ltr'><strong>sensus</strong></span> <span class='ocrx_word' id='word_1_280' title='bbox 1244 3374 1285 3416; x_wconf 84' lang='lat' dir='ltr'><strong>est</strong></span> <span class='ocrx_word' id='word_1_281' title='bbox 1297 3367 1334 3414; x_wconf 89' lang='lat' dir='ltr'><strong>in·</strong></span> 
     </span>
     <span class='ocr_line' id='line_1_35' title="bbox 236 3441 899 3507; baseline -0.003 -15"><span class='ocrx_word' id='word_1_282' title='bbox 236 3448 298 3506; x_wconf 87' lang='lat' dir='ltr'><strong>post</strong></span> <span class='ocrx_word' id='word_1_283' title='bbox 309 3449 333 3493; x_wconf 75' lang='grc' dir='ltr'><strong>ὅ.</strong></span> <span class='ocrx_word' id='word_1_284' title='bbox 346 3443 484 3507; x_wconf 87' lang='lat' dir='ltr'><strong>stipendis,</strong></span> <span class='ocrx_word' id='word_1_285' title='bbox 493 3441 530 3492; x_wconf 89' lang='lat' dir='ltr'><strong>illi</strong></span> <span class='ocrx_word' id='word_1_286' title='bbox 541 3451 599 3506; x_wconf 87' lang='lat' dir='ltr'><strong>post</strong></span> <span class='ocrx_word' id='word_1_287' title='bbox 605 3447 648 3499; x_wconf 75' lang='lat' dir='ltr'><strong>lb.</strong></span> <span class='ocrx_word' id='word_1_288' title='bbox 658 3450 767 3500; x_wconf 85' lang='lat' dir='ltr'><strong>tuntum.</strong></span> <span class='ocrx_word' id='word_1_289' title='bbox 808 3442 899 3504; x_wconf 82' lang='lat' dir='ltr'><strong>teger?</strong></span> 
     </span>
    </p>

    <p class='ocr_par' dir='ltr' id='par_1_9' title="bbox 237 3515 1335 3581">
     <span class='ocr_line' id='line_1_36' title="bbox 237 3515 1335 3581; baseline -0.005 -13"><span class='ocrx_word' id='word_1_290' title='bbox 237 3517 331 3581; x_wconf 74' lang='lat' dir='ltr'><strong>Polyb.</strong></span> <span class='ocrx_word' id='word_1_291' title='bbox 341 3519 472 3579; x_wconf 78' lang='lat' dir='ltr'><strong>etVeget.</strong></span> <span class='ocrx_word' id='word_1_292' title='bbox 498 3517 573 3566; x_wconf 80' lang='lat' dir='ltr'><strong>Hane</strong></span> <span class='ocrx_word' id='word_1_293' title='bbox 585 3525 671 3565; x_wconf 87' lang='lat' dir='ltr'><strong>sutem</strong></span> <span class='ocrx_word' id='word_1_294' title='bbox 684 3517 764 3579; x_wconf 85' lang='lat' dir='ltr'><strong>digni·</strong></span> <span class='ocrx_word' id='word_1_295' title='bbox 839 3515 851 3550; x_wconf 74' lang='lat'><strong>&lt;¹</strong></span> <span class='ocrx_word' id='word_1_296' title='bbox 869 3517 918 3564; x_wconf 84' lang='lat' dir='ltr'><strong>Per</strong></span> <span class='ocrx_word' id='word_1_297' title='bbox 928 3516 1046 3578; x_wconf 81' lang='lat' dir='ltr'><strong>stipendio</strong></span> <span class='ocrx_word' id='word_1_298' title='bbox 1056 3516 1146 3579; x_wconf 81' lang='lat' dir='ltr'><strong>desem]</strong></span> <span class='ocrx_word' id='word_1_299' title='bbox 1163 3517 1224 3564; x_wconf 87' lang='lat' dir='ltr'><strong>Per·</strong></span> <span class='ocrx_word' id='word_1_300' title='bbox 1234 3519 1273 3564; x_wconf 85' lang='grc'><strong>10.</strong></span> <span class='ocrx_word' id='word_1_301' title='bbox 1291 3527 1335 3562; x_wconf 87' lang='lat' dir='ltr'><strong>en·</strong></span> 
     </span>
    </p>

    <p class='ocr_par' dir='ltr' id='par_1_10' title="bbox 236 3589 1334 3656">
     <span class='ocr_line' id='line_1_37' title="bbox 236 3589 1334 3656; baseline -0.007 -12"><span class='ocrx_word' id='word_1_302' title='bbox 236 3600 319 3644; x_wconf 81' lang='lat' dir='ltr'><strong>tatem</strong></span> <span class='ocrx_word' id='word_1_303' title='bbox 340 3593 477 3656; x_wconf 87' lang='lat' dir='ltr'><strong>postremis</strong></span> <span class='ocrx_word' id='word_1_304' title='bbox 488 3591 647 3655; x_wconf 85' lang='lat' dir='ltr'><strong>temporibus</strong></span> <span class='ocrx_word' id='word_1_305' title='bbox 667 3591 765 3640; x_wconf 74' lang='lat' dir='ltr'><strong>adoles·</strong></span> <span class='ocrx_word' id='word_1_306' title='bbox 807 3605 895 3640; x_wconf 88' lang='lat' dir='ltr'><strong>uorum</strong></span> <span class='ocrx_word' id='word_1_307' title='bbox 908 3590 1034 3639; x_wconf 81' lang='lat' dir='ltr'><strong>militiam.</strong></span> <span class='ocrx_word' id='word_1_308' title='bbox 1067 3591 1110 3640; x_wconf 88' lang='lat' dir='ltr'><strong>De</strong></span> <span class='ocrx_word' id='word_1_309' title='bbox 1122 3589 1257 3652; x_wconf 89' lang='lat' dir='ltr'><strong>stipendiis</strong></span> <span class='ocrx_word' id='word_1_310' title='bbox 1269 3590 1334 3637; x_wconf 89' lang='lat' dir='ltr'><strong>rnili-</strong></span> 
     </span>
    </p>

    <p class='ocr_par' dir='ltr' id='par_1_11' title="bbox 237 3662 1334 3720">
     <span class='ocr_line' id='line_1_38' title="bbox 237 3662 1334 3720; baseline -0.007 0"><span class='ocrx_word' id='word_1_311' title='bbox 237 3669 357 3720; x_wconf 84' lang='lat' dir='ltr'><strong>centibus</strong></span> <span class='ocrx_word' id='word_1_312' title='bbox 369 3668 448 3718; x_wconf 87' lang='lat' dir='ltr'><strong>tribui</strong></span> <span class='ocrx_word' id='word_1_313' title='bbox 461 3668 561 3717; x_wconf 85' lang='lat' dir='ltr'><strong>solitam</strong></span> <span class='ocrx_word' id='word_1_314' title='bbox 574 3666 692 3715; x_wconf 87' lang='lat' dir='ltr'><strong>referunt</strong></span> <span class='ocrx_word' id='word_1_315' title='bbox 704 3665 764 3716; x_wconf 78' lang='lat' dir='ltr'><strong>His·</strong></span> <span class='ocrx_word' id='word_1_316' title='bbox 807 3672 861 3716; x_wconf 86' lang='lat' dir='ltr'><strong>turn</strong></span> <span class='ocrx_word' id='word_1_317' title='bbox 880 3667 1051 3715; x_wconf 81' lang='lat' dir='ltr'><strong>Romanorum</strong></span> <span class='ocrx_word' id='word_1_318' title='bbox 1074 3667 1155 3715; x_wconf 84' lang='lat' dir='ltr'><strong>mults</strong></span> <span class='ocrx_word' id='word_1_319' title='bbox 1178 3662 1259 3713; x_wconf 84' lang='lat' dir='ltr'><strong>refert</strong></span> <span class='ocrx_word' id='word_1_320' title='bbox 1282 3665 1334 3712; x_wconf 86' lang='lat' dir='ltr'><strong>Bu·</strong></span> 
     </span>
    </p>

    <p class='ocr_par' dir='ltr' id='par_1_12' title="bbox 234 3740 887 3805">
     <span class='ocr_line' id='line_1_39' title="bbox 234 3740 887 3805; baseline -0.009 -10"><span class='ocrx_word' id='word_1_321' title='bbox 234 3745 308 3801; x_wconf 73' lang='lat' dir='ltr'><strong>toriae</strong></span> <span class='ocrx_word' id='word_1_322' title='bbox 319 3744 442 3794; x_wconf 74' lang='lat' dir='ltr'><strong>Romanae</strong></span> <span class='ocrx_word' id='word_1_323' title='bbox 450 3741 607 3805; x_wconf 85' lang='lat' dir='ltr'><strong>Scriptores,</strong></span> <span class='ocrx_word' id='word_1_324' title='bbox 618 3741 700 3794; x_wconf 84' lang='lat' dir='ltr'><strong>donee</strong></span> <span class='ocrx_word' id='word_1_325' title='bbox 713 3740 765 3792; x_wconf 81' lang='lat' dir='ltr'><strong>Ha·</strong></span> <span class='ocrx_word' id='word_1_326' title='bbox 806 3743 887 3791; x_wconf 83' lang='lat' dir='ltr'><strong>dress.</strong></span> 
     </span>
    </p>

    <p class='ocr_par' dir='ltr' id='par_1_13' title="bbox 236 3813 1335 3882">
     <span class='ocr_line' id='line_1_40' title="bbox 236 3813 1335 3882; baseline -0.008 -12"><span class='ocrx_word' id='word_1_327' title='bbox 236 3819 342 3882; x_wconf 71' lang='lat' dir='ltr'><strong>driutius</strong></span> <span class='ocrx_word' id='word_1_328' title='bbox 364 3817 486 3878; x_wconf 88' lang='lat' dir='ltr'><strong>instituit,</strong></span> <span class='ocrx_word' id='word_1_329' title='bbox 509 3816 516 3842; x_wconf 92' lang='lat'>‘</span> <span class='ocrx_word' id='word_1_330' title='bbox 533 3816 661 3867; x_wconf 85' lang='lat' dir='ltr'><strong>neminem</strong></span> <span class='ocrx_word' id='word_1_331' title='bbox 686 3815 767 3866; x_wconf 90' lang='lat' dir='ltr'><strong>tribn-</strong></span> <span class='ocrx_word' id='word_1_332' title='bbox 837 3817 1047 3879; x_wconf 69' lang='lat' dir='ltr'><strong>retrususque]</strong></span> <span class='ocrx_word' id='word_1_333' title='bbox 1060 3814 1125 3872; x_wconf 80' lang='lat' dir='ltr'><strong>Aliis</strong></span> <span class='ocrx_word' id='word_1_334' title='bbox 1136 3817 1198 3881; x_wconf 87' lang='lat' dir='ltr'><strong>post</strong></span> <span class='ocrx_word' id='word_1_335' title='bbox 1209 3814 1271 3863; x_wconf 82' lang='lat' dir='ltr'><strong>elios</strong></span> <span class='ocrx_word' id='word_1_336' title='bbox 1283 3813 1335 3861; x_wconf 86' lang='lat' dir='ltr'><strong>suf·</strong></span> 
     </span>
    </p>

    <p class='ocr_par' dir='ltr' id='par_1_14' title="bbox 236 3891 1130 3956">
     <span class='ocr_line' id='line_1_41' title="bbox 236 3891 1130 3956; baseline 0 -14"><span class='ocrx_word' id='word_1_337' title='bbox 236 3908 298 3948; x_wconf 83' lang='lat' dir='ltr'><strong>num</strong></span> <span class='ocrx_word' id='word_1_338' title='bbox 316 3893 366 3942; x_wconf 90' lang='lat' dir='ltr'><strong>nisi</strong></span> <span class='ocrx_word' id='word_1_339' title='bbox 385 3891 639 3956; x_wconf 71' lang='lat' dir='ltr'><strong>ptenabsrbsfieri:</strong></span> <span class='ocrx_word' id='word_1_340' title='bbox 656 3891 766 3955; x_wconf 81' lang='lat' dir='ltr'><strong>Spartiu·</strong></span> <span class='ocrx_word' id='word_1_341' title='bbox 805 3891 888 3954; x_wconf 74' lang='lat' dir='ltr'><strong>fossis.</strong></span> <span class='ocrx_word' id='word_1_342' title='bbox 1126 3945 1130 3954; x_wconf 63' lang='grc'><em>,</em></span> 
     </span>
    </p>

    <p class='ocr_par' dir='ltr' id='par_1_15' title="bbox 236 3964 1336 4107">
     <span class='ocr_line' id='line_1_42' title="bbox 236 3964 1335 4030; baseline -0.006 -11"><span class='ocrx_word' id='word_1_343' title='bbox 236 3983 290 4030; x_wconf 74' lang='lat' dir='ltr'><strong>sus.</strong></span> <span class='ocrx_word' id='word_1_344' title='bbox 347 4027 351 4030; x_wconf 45' lang='grc'><strong>,</strong></span> <span class='ocrx_word' id='word_1_345' title='bbox 840 3965 850 4000; x_wconf 79' lang='lat' dir='ltr'>f</span> <span class='ocrx_word' id='word_1_346' title='bbox 861 3969 969 4016; x_wconf 81' lang='lat' dir='ltr'><strong>Emerita</strong></span> <span class='ocrx_word' id='word_1_347' title='bbox 989 3967 1067 4030; x_wconf 83' lang='lat' dir='ltr'><strong>erma]</strong></span> <span class='ocrx_word' id='word_1_348' title='bbox 1095 3968 1150 4016; x_wconf 89' lang='lat' dir='ltr'><strong>Usu</strong></span> <span class='ocrx_word' id='word_1_349' title='bbox 1178 3964 1285 4026; x_wconf 80' lang='lat' dir='ltr'><strong>detritu,</strong></span> <span class='ocrx_word' id='word_1_350' title='bbox 1307 3971 1335 4028; x_wconf 72' lang='lat' dir='ltr'><strong>et</strong></span> 
     </span>
     <span class='ocr_line' id='line_1_43' title="bbox 268 4039 1336 4107; baseline -0.004 -15"><span class='ocrx_word' id='word_1_351' title='bbox 268 4041 766 4104; x_wconf 66' lang='lat' dir='ltr'><strong>l’Disiurtcttrriuursterres]Utrumldis·</strong></span> <span class='ocrx_word' id='word_1_352' title='bbox 806 4043 895 4094; x_wconf 88' lang='lat' dir='ltr'><strong>multis</strong></span> <span class='ocrx_word' id='word_1_353' title='bbox 910 4043 965 4107; x_wconf 80' lang='lat' dir='ltr'><strong>jem</strong></span> <span class='ocrx_word' id='word_1_354' title='bbox 988 4043 1061 4092; x_wconf 85' lang='lat' dir='ltr'><strong>bellis</strong></span> <span class='ocrx_word' id='word_1_355' title='bbox 1084 4039 1217 4092; x_wconf 80' lang='lat' dir='ltr'><strong>defuncta.</strong></span> <span class='ocrx_word' id='word_1_356' title='bbox 1250 4041 1336 4090; x_wconf 84' lang='lat' dir='ltr'><strong>Mete·</strong></span> 
     </span>
    </p>

    <p class='ocr_par' dir='ltr' id='par_1_16' title="bbox 237 4117 1335 4188">
     <span class='ocr_line' id='line_1_44' title="bbox 237 4117 1335 4188; baseline -0.006 -15"><span class='ocrx_word' id='word_1_357' title='bbox 237 4121 352 4188; x_wconf 53' lang='lat' dir='ltr'><strong>pssum,</strong></span> <span class='ocrx_word' id='word_1_358' title='bbox 363 4121 505 4183; x_wconf 71' lang='lat' dir='ltr'><strong>Burthism,</strong></span> <span class='ocrx_word' id='word_1_359' title='bbox 517 4127 544 4170; x_wconf 87' lang='lat' dir='ltr'><strong>et</strong></span> <span class='ocrx_word' id='word_1_360' title='bbox 555 4119 738 4176; x_wconf 77' lang='lat' dir='ltr'><strong>Germaniam?</strong></span> <span class='ocrx_word' id='word_1_361' title='bbox 805 4121 886 4186; x_wconf 81' lang='lat' dir='ltr'><strong>phora</strong></span> <span class='ocrx_word' id='word_1_362' title='bbox 896 4120 975 4178; x_wconf 76' lang='lat' dir='ltr'><strong>dueta</strong></span> <span class='ocrx_word' id='word_1_363' title='bbox 992 4134 1008 4168; x_wconf 87' lang='lat' dir='ltr'><strong>s</strong></span> <span class='ocrx_word' id='word_1_364' title='bbox 1024 4117 1149 4176; x_wconf 80' lang='lat' dir='ltr'><strong>militibus</strong></span> <span class='ocrx_word' id='word_1_365' title='bbox 1165 4118 1209 4183; x_wconf 87' lang='lat' dir='ltr'><strong>qui</strong></span> <span class='ocrx_word' id='word_1_366' title='bbox 1225 4117 1335 4180; x_wconf 85' lang='lat' dir='ltr'><strong>impleto</strong></span> 
     </span>
    </p>

    <p class='ocr_par' dir='ltr' id='par_1_17' title="bbox 270 4190 1319 4262">
     <span class='ocr_line' id='line_1_45' title="bbox 270 4190 1319 4262; baseline -0.002 -18"><span class='ocrx_word' id='word_1_367' title='bbox 270 4201 281 4258; x_wconf 61' lang='grc' dir='ltr'>ξ</span> <span class='ocrx_word' id='word_1_368' title='bbox 298 4190 463 4247; x_wconf 77' lang='lat' dir='ltr'><strong>Premoneute</strong></span> <span class='ocrx_word' id='word_1_369' title='bbox 473 4193 653 4261; x_wconf 71' lang='lat' dir='ltr'><strong>Forttuulrllii</strong></span> <span class='ocrx_word' id='word_1_370' title='bbox 666 4211 766 4260; x_wconf 72' lang='lat' dir='ltr'><strong>presu-</strong></span> <span class='ocrx_word' id='word_1_371' title='bbox 805 4195 907 4249; x_wconf 78' lang='lat' dir='ltr'><strong>militiae</strong></span> <span class='ocrx_word' id='word_1_372' title='bbox 918 4201 1034 4262; x_wconf 85' lang='lat' dir='ltr'><strong>tempore</strong></span> <span class='ocrx_word' id='word_1_373' title='bbox 1046 4194 1168 4248; x_wconf 87' lang='lat' dir='ltr'><strong>dicuntur</strong></span> <span class='ocrx_word' id='word_1_374' title='bbox 1182 4192 1319 4246; x_wconf 76' lang='lat' dir='ltr'><strong>‘emeriti&#39;</strong></span> 
     </span>
    </p>
   </div>
   <div class='ocr_carea' id='block_1_8' title="bbox 0 0 1565 4852">
    <p class='ocr_par' dir='ltr' id='par_1_18' title="bbox 0 0 1565 4852">
     <span class='ocr_line' id='line_1_46' title="bbox 0 0 1565 4852; baseline 0 0"><span class='ocrx_word' id='word_1_375' title='bbox 0 0 1565 4852; x_wconf 95' lang='lat' dir='ltr'><strong> </strong></span> 
     </span>
    </p>
   </div>
  </div>
 </body>
</html>
