3112 4852
225 325 290 392 182
586 338 619 386 c.
642 339 764 386 rutum
790 337 957 388 saeuum

225 486 394 556 oculorum
405 484 505 548 ctiam
517 484 747 567 minarumque
756 483 958 568 conjectum,
970 489 1043 547 toto
1052 502 1173 567 campo
1184 487 1321 568 totoque

226 588 378 650 exercitu
393 581 820 669 opposit0,'pcrborrcscat.
858 587 891 649 4.
907 585 1059 650 Meruisti
1075 585 1230 667 proxima
1250 605 1322 650 mo·

227 689 425 765 deration0,⁸
438 697 487 763 nt,
500 686 781 769 quandocumque
794 695 827 750 tc
841 682 895 750 vel
910 687 1039 762 inferre,
1057 686 1109 750 vel
1121 687 1322 769 propulsare

226 790 366 865 bellum,
380 787 527 870 coegerit
538 787 671 868 imperii
685 787 845 866 dignitas,
860 807 927 850 non
939 787 1017 852 ideo
1026 788 1151 851 vicisse
1161 789 1322 866 videaris,

226 897 261 955 ut
286 890 522 973 triumphares3
544 887 602 950 sed
619 888 836 971 triumphare,
854 890 934 972 quia
946 889 1081 954 viceris.

269 991 358 1056 Cae.
373 1007 486 1054 xvru.
507 989 539 1052 1.
554 988 658 1078 Aliud
675 1007 718 1052 cx
734 989 801 1053 alio
816 988 897 1053 mihi
913 991 1071 1054 occurrit.
1116 989 1228 1068 Quam
1245 1009 1321 1074 spe-

114 1081 122 1097 ’
226 1092 358 1156 ciosum
374 1101 427 1155 est
440 1091 538 1167 caim,
554 1089 644 1171 quod
660 1087 895 1173 disciplinamh
918 1097 1097 1156 castrorum
1112 1093 1247 1175 lapsam
1262 1112 1322 1155 ex·

227 1195 433 1275 tinctamque
448 1191 609 1268 refovisti,
631 1190 773 1272 depulso
788 1191 909 1275 prioris
924 1190 1060 1258 soeculii
1086 1195 1186 1272 malo,
1209 1193 1326 1270 inertia

227 1301 259 1359 el
276 1295 497 1372 contumacia,
523 1301 558 1357 ct
575 1290 829 1374 dedignationej
860 1295 1019 1379 parendi!
1064 1295 1095 1359 2.
1118 1295 1243 1360 Tutum
1271 1301 1324 1358 est

228 1398 465 1472 reverentiam,
484 1400 586 1459 tutum
610 1395 782 1458 caritatem
808 1396 951 1462 mereri·
974 1394 1071 1469 ¹Noc
1092 1396 1216 1469 ducum
1233 1396 1324 1480 quis-

229 1659 233 1666 ·
260 1583 680 1659 ‘'Benevolerrliameibicoxciliare.

228 1878 243 1922 t
261 1881 268 1902 ¹
281 1871 344 1920 Vct.
355 1873 379 1918 ³.
391 1868 505 1932 Guelpb.
517 1874 546 1918 et
558 1867 730 1918 Schwaraian.
743 1872 771 1916 ut
780 1868 916 1931 quandoque
924 1873 948 1918 te
956 1867 1052 1930 inferre.
1084 1869 1169 1920 Quam
1177 1871 1240 1920 lect.
1248 1871 1327 1922 etiam

228 1949 297 1986 nuuc
315 1934 398 1984 edidit
414 1935 447 1982 cl.
467 1933 591 1982 Arataen.
608 1940 636 1982 et
651 1931 789 1992 defendit;
808 1931 872 1980 nihil
886 1940 971 1982 tamen
983 1933 1078 1983 meruit
1090 1935 1221 1998 vulgatior
1239 1935 1328 1993 lectio,

228 2008 258 2050 ut
270 1999 411 2062 rejiciatur.
435 1997 489 2046 Pro
505 1999 701 2061 quandocumque,
718 1995 785 2046 liber
802 1997 888 2045 Voseii
905 1997 985 2046 habat
1000 1998 1153 2060 cuicumque,
1172 1999 1285 2063 Guelpb.
1301 2007 1328 2050 ut

227 2067 363 2128 quandoque
373 2069 397 2112 te
407 2062 433 2112 id
442 2061 542 2121 inferre.
577 2061 638 2110 Non
651 2075 712 2110 vero
724 2060 810 2124 video,
827 2075 874 2111 cut
885 2059 1011 2111 Arataeu.
1022 2062 1155 2124 judicarit
1172 2065 1199 2113 id
1210 2064 1327 2114 hocloco

228 2153 279 2188 noa
289 2139 353 2188 mele
361 2153 408 2200 pro
416 2138 453 2187 rel
460 2138 570 2199 positum
580 2153 646 2188 cete.
659 2139 723 2188 Cod.
733 2139 828 2188 Salisb.
838 2131 898 2202 qiqa
909 2141 933 2185 te
942 2137 979 2185 rel
989 2137 1095 2196 referre,
1114 2145 1141 2186 at
1151 2153 1229 2200 strper
1239 2140 1330 2199 rasam

226 2203 332 2265 scripsit
349 2199 456 2260 insemel
472 2201 602 2250 Schwara.
637 2201 703 2252 Herc
721 2203 809 2261 rerba,
820 2205 860 2252 ead
872 2201 1028 2264 triumphare,
1036 2201 1091 2263 quia
1101 2203 1195 2258 mtrem,
1207 2205 1273 2254 male
1286 2219 1329 2252 ne·

229 2268 312 2332 glexit
323 2265 407 2316 codex
419 2265 502 2314 Paris.
514 2267 586 2327 pejut
598 2265 681 2315 codex
692 2265 805 2330 Guelplt.
819 2274 948 2328 praterea
959 2264 1036 2313 etiam
1050 2267 1235 2329 praecedentia,
1244 2275 1271 2322 at
1282 2267 1330 2318 tri·

228 2331 360 2394 emptores.
393 2331 467 2378 Bene
485 2330 585 2379 noterit
604 2328 771 2392 Araneolae,
789 2332 873 2394 ipsum
892 2344 921 2379 sa
939 2328 1014 2378 simili
1028 2331 1160 2381 locutione
1176 2332 1243 2381 trieri
1259 2332 1329 2392 Ptta.

229 2397 316 2459 Epist.
327 2409 346 2443 1.
358 2397 406 2444 ὃν·
419 2393 480 2442 Νοη
492 2394 551 2442 ideo
563 2393 718 2456 predicare,
729 2394 788 2444 &c.'
806 2397 882 2444 Idem.
1292 2416 1294 2420 v

262 2461 330 2510 Cxe.
348 2471 433 2507 xvru.
463 2462 475 2505 1
497 2459 561 2508 llaec
573 2459 723 2508 transeundi
741 2458 861 2517 formula,
880 2457 954 2506 Aliud
964 2457 1051 2506 adalia
1061 2457 1242 2520 milrioaqam't,
1253 2459 1329 2510 abeat

229 2540 245 2574 a
256 2525 346 2573 codice
361 2522 442 2572 Paris.
453 2531 480 2571 et
498 2523 613 2586 Guelpb.
645 2523 800 2586 ‘Specimum
814 2528 850 2572 ert
862 2521 937 2585 raim]
956 2521 998 2570 ita
1010 2521 1102 2584 scripsi
1115 2537 1173 2572 cam
1185 2525 1329 2574 recantat·

229 2589 278 2638 mix
290 2588 370 2638 libris.
396 2587 535 2637 Catanaeue
547 2586 628 2650 ejecit
639 2589 769 2652 causalem
778 2586 998 2650 conjunctionem,
1008 2601 1084 2648 quern
1097 2589 1179 2637 secuti
1193 2588 1292 2638 Hearn.
1301 2595 1330 2639 et

188 2653 190 2658 '
230 2654 367 2712 Cellnrias,
377 2653 414 2700 uti
424 2659 482 2702 erat
493 2650 519 2701 in
527 2652 641 2715 Guelpb.
653 2650 801 2703 offeratae
812 2651 900 2706 credo,
911 2664 969 2699 curn
981 2651 1053 2700 nulla
1063 2651 1114 2700 alio
1126 2667 1202 2716 quam
1215 2653 1330 2710 secando

228 2719 288 2768 loca
298 2717 362 2768 euim
373 2715 559 2766 admitterent)
575 2718 662 2766 Arata.
694 2717 829 2767 Particula
840 2715 902 2766 exim
910 2714 1004 2764 omissa
1014 2723 1055 2764 est
1063 2716 1142 2766 etiam
1152 2717 1185 2767 ab
1194 2715 1330 2774 Asceneio,

229 2783 268 2832 H.
285 2791 312 2831 at
325 2781 506 2843 Pcstephano
523 2789 552 2830 et
570 2781 727 2831 uoxnarnto.
762 2780 847 2830 ‘Olim
865 2782 891 2828 iu
910 2788 1023 2828 urentem
1041 2790 1156 2840 venerat,
1174 2793 1221 2844 pro
1238 2779 1329 2846 lapema

229 2847 308 2896 scribi
320 2847 501 2908 periclitatam,
513 2859 570 2894 cum
582 2846 622 2894 bae
634 2859 710 2894 rocca
722 2844 873 2907 frequenter
881 2841 1083 2900 confundamur,
1093 2844 1132 2893 uti
1141 2854 1181 2894 est
1190 2847 1259 2906 apud
1269 2848 1330 2909 Lip-

230 2910 296 2958 sium
307 2909 339 2957 ad
350 2907 442 2959 Senec.
454 2909 528 2957 Cone.
540 2907 573 2958 ad
585 2909 679 2970 Polyb.
692 2923 750 2972 cap.
763 2913 804 2958 ³6.
813 2917 841 2957 et
850 2907 987 2957 Heinsium
997 2907 1029 2956 ed
1039 2907 1118 2956 Orid.
1127 2908 1235 2958 Heroid.
1245 2911 1331 2970 liniet.

229 2988 271 3024 tx.
282 2977 322 3023 36.
334 2980 361 3022 ct
372 2974 421 3021 lroc
432 2973 591 3035 adjectivum
603 2973 695 3022 melius
706 2971 888 3032 conveniataei
895 2969 1021 3030 resoluit
1038 2970 1127 3022 Arata.
1161 2973 1331 3025 Certavere

231 3044 255 3089 l.
267 3043 293 3088 2.
310 3042 334 3086 3.
351 3039 374 3085 l.
394 3041 422 3086 et
433 3037 547 3100 Gttclpb.
563 3039 653 3100 baram
671 3053 700 3086 ac
714 3037 862 3094 cxlixctarrtr
880 3036 944 3085 Exc.
958 3036 1032 3085 Voce.
1049 3036 1138 3098 lepram
1154 3043 1224 3101 atque
1240 3039 1333 3091 esen·

230 3109 280 3153 tam
288 3118 297 3160 ,·
310 3101 394 3151 Paris.
408 3101 503 3152 Vertat.
521 3103 615 3152 Pater.
630 3109 657 3152 et
673 3102 845 3152 Scbwcraian.
863 3100 1102 3163 amarulentam.
1136 3102 1210 3164 Mox,
1221 3101 1292 3152 Gtrd.
1305 3108 1331 3154 2.

227 3165 331 3231 piopriis
342 3167 427 3215 aaran
437 3167 515 3226 mulo,·
526 3167 620 3216 Venet.
633 3173 661 3214 ct
672 3167 786 3229 Guelpb.
796 3166 901 3230 propriis
911 3166 992 3214 seculi
999 3167 1119 3214 mala-2
1131 3165 1162 3214 ln
1172 3169 1229 3216 cod.
1238 3167 1331 3219 Vati.

230 3232 344 3293 Guelpla.
362 3238 389 3278 et
401 3231 496 3280 Salirb.
507 3233 613 3292 legitur,
626 3231 712 3280 Tutum
722 3237 767 3292 erl,
781 3245 803 3279 r.
819 3235 896 3279 tatum
907 3233 951 3284 art,
960 3230 1000 3290 ὅτ.
1018 3228 1187 3279 Schwaraian.
1198 3231 1332 3280 claritatem

230 3297 325 3346 mereri.
358 3301 366 3324 ⁴
380 3295 452 3352 lllox,
464 3297 629 3346 Gruternset
638 3296 755 3347 Patami.
764 3295 848 3344 minus
858 3293 924 3343 bene
932 3293 1048 3350 edidere,
1059 3294 1191 3345 etdeixde.’
1201 3295 1331 3346 Schwara.

728 3449 835 3501 ΝΟΤΙΕ

232 3588 366 3648 postquam
382 3579 515 3630 Gallorum
529 3593 615 3642 regem
625 3571 760 3644 Virdoma·
802 3593 829 3627 ra
840 3577 920 3626 habet
932 3577 991 3626 Dio.

232 3673 287 3710 rum
308 3655 468 3720 peremisset.
501 3655 570 3704 Vide
589 3656 762 3720 Propertii.
834 3655 953 3704 ¹Priorie
971 3652 1064 3716 carali]
1087 3653 1214 3704 Aculaate
1234 3653 1333 3706 dicium

201 3721 204 3728 Δ
233 3739 273 3786 11.
284 3741 314 3784 et
322 3731 445 3782 Beroaldi
456 3731 481 3780 in
493 3746 550 3780 aum
563 3739 646 3782 notae.
803 3731 829 3780 iu
843 3731 1028 3790 Domitianum,
1038 3729 1113 3792 cujus
1123 3738 1197 3783 texat.
1205 3737 1334 3795 tempora,

233 3843 236 3850 .
264 3808 411 3858 rProrrima
421 3806 591 3870 moderatione]
616 3808 761 3859 ‘Cemme-
802 3805 1258 3868 ‘cumsuspectarirtus,inertiein
1275 3822 1334 3870 pre·

232 3886 288 3936 tirti
315 3885 341 3932 in
360 3881 476 3933 Danubii
499 3883 562 3944 ripa,
583 3883 605 3932 sl
628 3885 763 3934 transisses
803 3883 857 3943 tio;
882 3895 940 3931 cum
961 3879 1070 3932 dacibus
1093 3881 1234 3932 auctoritas
1254 3883 1335 3944 nulla,

233 3967 320 4010 certas
332 3955 473 4022 triumpili'
494 3965 523 4006 ut
534 3971 612 4019 supra
623 3958 691 4008 dixit
705 3973 763 4022 cap.
804 3961 876 4009 nulla
894 3959 1020 4026 militibaq
1033 3959 1197 4020 verecundia,
1209 3975 1334 4025 nusquam

233 4049 293 4088 xri.
805 4035 967 4100 obsequium,
983 4036 1069 4086 omnia
1081 4035 1182 4098 solute,’
1193 4039 1244 4086 dac.
1266 4037 1335 4094 Elin.

267 4108 279 4143 ¹³
296 4108 469 4172 Dirdplimm]
493 4109 534 4158 Dc
549 4106 687 4172 disciplina
698 4108 763 4158 mili·
804 4111 1019 4176 malecuncta.

234 4183 762 4248 terifelicitera'l'rejanoemendataplu·
833 4184 1048 4252 indignatae]
1077 4185 1147 4236 Rara
1168 4199 1230 4256 roa,
1251 4199 1335 4252 neque
