3112 4852
562 375 843 427 ranecunrcus.
889 378 915 424 1.
937 361 991 428 37.
1260 362 1331 429 283.

230 526 309 597 κω,
322 537 382 583 sen
398 519 562 583 beneficio
577 520 751 604 principis,
763 521 944 598 venissent,
960 520 1027 584 nisi
1037 520 1138 586 simul
1153 522 1324 603 coguatio-

228 623 280 685 nis
298 622 378 704 jura
392 622 640 703 impetrassent,
662 620 861 684 alienissimi
881 621 1091 685 habebantur
1106 622 1230 704 quibus
1246 641 1325 686 con·

223 723 428 805 junctissimi
440 709 595 788 fuerant,t
605 724 638 786 4.
655 723 712 787 lta
724 724 909 786 maximum
921 721 1121 787 beneficium
1133 724 1325 788 vertebatur

228 826 261 886 iu
285 823 514 906 gravissimam
537 822 705 906 injuriam,
732 823 920 907 civitasque
946 821 1102 888 Romana
1124 824 1230 888 instar
1252 829 1326 888 erat

228 923 307 1000 adii,
334 931 369 988 et
395 923 584 1000 discordiae,
611 931 646 986 et
667 925 843 1001 orbitatis3
874 944 950 988 cum
977 924 1149 988 carissima
1174 926 1326 1007 pignora,

229 1025 323 1088 salva
347 1024 498 1107 ipsorum
514 1026 650 1107 pietate,
675 1024 893 1088 distraheret·¹
934 1027 968 1090 5.
992 1024 1254 1090 Inveniebantur
1277 1033 1324 1090 ta-

227 1145 313 1202 men,
330 1127 450 1210 qnibus
464 1134 575 1191 tantas
591 1145 683 1190 amor
702 1127 845 1191 nominis
866 1128 971 1190 nostri
993 1128 1126 1205 inesset,
1142 1135 1178 1190 ut
1198 1127 1324 1193 Rama-

194 1285 198 1293 ,
228 1246 305 1291 nam
321 1229 503 1305 civitatem,
516 1248 580 1291 nan
603 1229 774 1294 vicesimae
797 1227 910 1305 mado,
933 1247 1048 1293 veram
1067 1231 1167 1294 etiam
1183 1229 1326 1294 affinita-

226 1334 295 1392 tum
325 1329 446 1393 damno
464 1331 551 1394 bene
572 1329 784 1413 compensari
805 1337 971 1412 putarent.
1015 1330 1082 1394 Sed
1105 1331 1158 1394 bis
1179 1332 1326 1396 maxime

227 1429 372 1494 debebat
388 1433 530 1513 gratuita
546 1432 745 1512 contingere,
757 1433 908 1514 aquibus
920 1438 989 1495 tam
1003 1451 1123 1514 magno
1133 1432 1324 1498 aestimaba-

227 1539 289 1594 tur.
331 1533 365 1595 6.
387 1533 493 1614 Igitur
506 1539 600 1615 pater
613 1538 691 1597 taus
707 1535 834 1610 sanxit,
855 1541 905 1610 ut,
926 1533 1016 1616 quod
1032 1553 1078 1596 ex
1093 1534 1210 1598 matris
1226 1534 1268 1598 ad
1284 1535 1323 1598 li-

226 1633 337 1711 beros,
352 1653 398 1699 ex
420 1634 597 1697 liberarum
620 1635 718 1698 banis
739 1633 946 1716 pervenisset
967 1634 1010 1698 ed
1025 1643 1177 1712 matrem,
1191 1636 1323 1700 etiarnsi
1402 1639 1404 1644 '

226 1735 461 1816 cognationum
471 1735 548 1818 jura
564 1755 632 1798 nun
645 1738 862 1819 recepissent,
879 1755 953 1800 cum
969 1737 1139 1800 civitatem
1157 1736 1324 1820 adipisce-

224 1840 345 1912 rentur,
360 1834 432 1918 ejus
446 1837 645 1900 vicesimam
658 1856 698 1901 ae
713 1837 838 1902 darent.
870 1839 901 1902 7.
917 1837 1068 1900 Eandem
1083 1838 1323 1910 immunitatem

256 1997 264 2030 ¹
280 1999 326 2048 Jus
337 2001 451 2050 Romanae
461 2001 651 2052 ciuitatissimile
660 2007 713 2051 erat
724 2003 786 2059 odio,
801 2003 935 2062 discordia,
950 2007 972 2050 ct
985 1999 1084 2050 orbitati
1091 2016 1101 2058 ;
1117 2001 1233 2064 siquidem
1250 2001 1323 2050 carb-

223 2064 293 2113 riraas
299 2064 407 2130 filiosab
418 2066 557 2115 hereditate
563 2069 643 2130 patria
652 2069 783 2130 repelleret,
793 2067 849 2116 ticet
859 2067 921 2116 nibil
930 2071 1013 2116 ccatra
1020 2067 1134 2130 wintere
1141 2071 1282 2128 macariani.

680 2211 707 2229 n
710 2207 860 2230 unedone

224 2290 414 2339 Kircbmaierus
441 2292 576 2356 inquinate
595 2292 709 2343 exscribi
728 2300 852 2344 curarunt
873 2295 900 2342 ia
919 2292 1017 2341 civitate
1027 2307 1037 2348 ,·
1055 2305 1112 2339 cum
1134 2292 1237 2341 codices
1257 2291 1323 2342 Mss.

223 2325 780 2423 Pantaenustf'enerus,creponensem,
790 2366 921 2418 aester,et
930 2357 1014 2406 ceteri
1026 2358 1143 2418 impressi
1156 2357 1212 2406 tere
1223 2370 1323 2413 omnes.

224 2421 322 2467 rectius
340 2428 477 2483 reponant,
493 2422 518 2469 ia
537 2424 666 2472 civitatem.
698 2423 827 2484 Ἀναλογία
843 2424 911 2470 enim
929 2423 1026 2482 lingua
1043 2421 1144 2468 Latina
1164 2422 1273 2484 requirit
1293 2428 1322 2469 ut

222 2484 337 2532 dicamas
352 2485 431 2533 venire
442 2485 467 2533 in
478 2486 607 2536 civitatem.
640 2489 673 2536 Et
683 2487 738 2550 jam
751 2489 833 2536 Faber
849 2487 1015 2535 Sanioriaaus
1033 2484 1099 2532 banc
1113 2485 1321 2534 emendationem

222 2549 345 2596 ostendit.
380 2549 520 2598 Vossianus
532 2551 597 2598 liber
614 2559 743 2613 praetcrea
763 2551 915 2614 particulam
934 2563 989 2597 aero
1008 2548 1044 2596 sic
1062 2549 1168 2596 inserit:
1185 2549 1241 2596 aori
1259 2563 1323 2610 acro,

222 2626 263 2660 sea
273 2626 316 2674 per·
327 2612 433 2666 latiam,
444 2612 494 2675 dyc!
506 2614 634 2662 Schwara.
661 2615 747 2663 ‘Edit
759 2619 831 2664 1476.
846 2617 917 2662 ttae.
927 2613 1038 2661 Froben.
1049 2611 1188 2660 Siclrardus
1201 2621 1228 2660 et
1240 2615 1322 2662 ceteri

223 2690 312 2724 omnes
324 2684 383 2724 aute
396 2676 540 2726 Livineiuar
553 2687 654 2726 sextam
668 2693 753 2726 cestim
764 2678 943 2742 praepositioni
953 2677 979 2724 io
988 2674 1129 2724 addidere.'
1139 2675 1225 2724 Arata.
1247 2677 1321 2732 Mox,

223 2739 282 2788 cod.
296 2739 466 2788 Schwaraiaa.
484 2740 672 2801 conjunctissimi
682 2742 802 2800 sacratu
815 2743 954 2804 Spanlrem.
967 2739 1003 2789 Ο.
1020 2741 1093 2788 Rom.
1108 2741 1171 2788 Exc.
1184 2754 1215 2789 11.
1228 2743 1251 2788 ³·
1267 2755 1321 2788 coa·

215 2803 361 2863 juratissimi
371 2805 540 2854 vaesana-t
558 2805 618 2854 ‘Ita
634 2808 776 2920 maximni?
804 2805 894 2854 Codex
912 2811 1001 2853 noster
1018 2803 1134 2864 exbibet,
1150 2803 1176 2856 ia
1194 2806 1322 2853 mammam

220 2867 353 2928 irp'ariam3
370 2869 435 2916 berre
447 2869 559 2932 quidem,
577 2869 623 2918 sed
644 2871 699 2918 sinc
720 2886 747 2920 su
771 2871 841 2934 ragio
862 2877 1009 2919 ceterorum
1028 2868 1160 2916 librorum.
1195 2869 1324 2932 Loqnitur

222 2940 308 2980 autem
327 2932 427 2980 Plinius
446 2936 478 2983 de
499 2931 627 2984 beneficio
646 2936 759 2985 civitatis
778 2933 919 2984 ltomanre!
941 2934 1063 2983 Schwara.
1099 2931 1182 2982 Codd.
1203 2934 1275 2982 Vstt.
1294 2940 1322 2984 ct

222 2995 335 3058 Guelpb.
346 2996 423 3044 instar
433 2998 482 3047 odii
492 3005 552 3047 erat.
585 3001 704 3060 Bebritts,
716 3016 763 3062 pra
774 3000 861 3055 instar,
871 2997 1030 3047 substituere
1044 2998 1124 3045 valuit
1135 3004 1261 3046 ασκεω-5
1280 2999 1323 3047 la·

220 3061 375 3109 ambiantur
392 3062 446 3110 inde
465 3063 561 3110 Venet.
583 3065 637 3113 Pro
654 3065 751 3126 inesset,
769 3064 844 3113 codd.
858 3065 919 3111 Vat.
937 3067 961 3110 4.
981 3061 1075 3111 Salisb.
1093 3071 1121 3110 et
1136 3061 1250 3124 Guelpb.
1262 3067 1324 3110 erat.

223 3124 305 3174 Paris.
318 3139 382 3172 aaa:
398 3127 499 3174 nominis
510 3127 642 3176 austriaca
653 3129 747 3177 inesset.
782 3129 835 3176 Pro
852 3127 992 3192 affinitatem
1011 3125 1062 3172 duo
1073 3126 1146 3173 Vatt.
1165 3132 1191 3172 et
1209 3126 1322 3189 Guelpb.

221 3189 317 3236 babent
328 3189 462 3253 affinitatis.
495 3191 562 3239 Vide
575 3192 649 3240 Natt.
664 3193 738 3241 Varr.
763 3191 895 3238 ‘Verbum
907 3189 1004 3238 debebat
1022 3189 1098 3236 deest
1117 3193 1143 3236 in
1163 3188 1277 3251 Grrelph.
1294 3197 1322 3238 et

221 3253 284 3300 Vat.
296 3258 320 3302 t.
333 3255 358 3301 in
371 3269 421 3316 quo
432 3256 577 3317 posteriore
589 3269 698 3320 sequens
711 3257 817 3304 verbum
828 3256 976 3314 contingeret
993 3253 1097 3314 legitur.
1130 3253 1183 3301 Pro
1200 3255 1320 3314 gratuita,

221 3315 327 3364 Liviae
340 3325 391 3366 vet.
402 3319 460 3367 cod.
471 3319 496 3366 in
509 3320 626 3380 margine
637 3320 862 3382 notavit,grataito
869 3335 879 3377 ,·
888 3321 955 3382 qaod
967 3318 1043 3366 etiarn
1056 3317 1080 3364 in
1093 3318 1264 3366 Kirclturaieri
1276 3319 1319 3368 ed.

221 3382 260 3429 ita
272 3395 422 3443 expressam
435 3389 483 3431 est.
517 3383 548 3432 Ia
561 3385 619 3434 cod.
628 3385 722 3434 Salisb.
740 3387 766 3433 in
778 3385 957 3448 sequentibus,
967 3397 1013 3445 pro
1025 3388 1075 3430 tam
1085 3397 1179 3442 magno,
1192 3383 1318 3445 scriptam

221 3455 261 3494 cst
279 3451 327 3494 tam
340 3447 430 3506 osogai.
463 3447 515 3497 Sed
527 3449 584 3498 haec
597 3450 683 3498 amaia
692 3451 765 3500 nihili
777 3447 903 3499 factiuns)
920 3448 1088 3498 Salamara-t
1107 3448 1214 3496 Eandem
1235 3447 1319 3496 isima-

718 3597 824 3649 NOTAE

221 3705 328 3767 petendi
346 3706 513 3768 magistratus
536 3709 637 3772 gratia‚’
655 3712 747 3762 Ascua.
790 3709 893 3776 quaudo
915 3709 984 3758 inter
1005 3721 1049 3755 eoa
1072 3705 1139 3753 filins
1160 3704 1318 3754 succedebat

218 3781 329 3830 Pedian.
345 3781 378 3830 ad
396 3782 472 3833 Orat.
489 3785 515 3833 in
528 3783 630 3850 Pison.)
645 3803 691 3836 ssu
704 3789 749 3838 bc·
789 3787 868 3851 patri,
876 3783 1035 3834 succedebat
1047 3788 1167 3844 tanquam
1177 3790 1317 3831 extraneus

218 3857 312 3905 reticio
330 3857 456 3920 principis
473 3860 498 3908 ia
518 3861 649 3910 civitatem
666 3865 749 3912 renis·
789 3865 882 3916 hares,
894 3862 1002 3923 ideaque
1015 3860 1161 3908 vicesimam
1179 3859 1319 3909 haredita-

219 3938 287 3989 sent,
300 3948 378 3997 qnam
394 3935 526 3997 duplicem
538 3939 603 3986 viam
621 3938 646 3987 ia
659 3940 749 3990 cirita·
791 3941 823 3990 tis
834 3939 897 3986 fisco
909 3937 1009 3985 salvere
1029 3934 1181 3996 cogebatur,
1195 3944 1317 3997 tauquam

218 4015 272 4056 tem
290 4007 411 4056 veniendi
429 4009 538 4072 opponit
555 4012 604 4062 lroc
623 4013 681 4064 laco
696 4015 749 4064 Plt·
791 4023 945 4073 extranens3
964 4010 1046 4060 donec
1057 4010 1180 4072 Trajanas
1191 4011 1315 4074 singulari

219 4085 288 4144 nius,
300 4084 490 4134 contrahebant
503 4085 572 4136 iuter
583 4090 677 4152 rejara
688 4105 749 4154 cog·
790 4109 836 4142 rna
864 4091 1038 4148 murnificentia
1061 4089 1105 4136 tres
1126 4103 1206 4138 aoros
1235 4093 1316 4152 cives,

218 4159 341 4222 nationis,
364 4160 413 4208 nisi
431 4159 517 4208 literas
535 4175 592 4212 eam
611 4166 642 4213 ad
663 4180 715 4214 rem
735 4181 750 4216 a
789 4168 877 4219 itidem
897 4168 935 4216 uti
951 4174 1062 4225 veteres,
1074 4179 1088 4212 a
1101 4166 1266 4226 prestatione
1279 4171 1317 4218 rt·

218 4235 339 4300 principe
353 4249 466 4286 seorsum
479 4238 649 4302 accepissent.
685 4243 751 4294 Idea
789 4245 890 4295 cesima
902 4244 1026 4292 immunes
1038 4239 1110 4290 tecit.
