3112 4852
233 298 300 366 208
602 312 634 360 u.
659 314 778 362 rurali
803 314 968 364 sncuuur

235 457 350 542 gioria,
366 457 396 520 si
418 456 536 536 rules3
558 458 739 540 praestabis
762 458 931 536 alimenta,
954 460 984 524 si
1008 460 1121 526 voleat
1144 459 1194 524 illi
1220 467 1331 528 tamen

235 564 420 643 propterte
433 566 452 593 W
463 565 655 623 nascuntur.

278 662 369 726 Car.
384 676 502 724 xxix.
524 660 555 724 1.
572 661 757 744 Instarego
772 662 925 746 perpetui
938 663 1097 746 congiarii
1107 681 1182 728 reor
1196 663 1330 730 affluen-

234 766 314 828 tiam
328 781 480 828 annuam.
524 761 639 845 Hujus
654 762 835 851 aliquando
852 782 932 828 cura
947 762 1133 846 Pompeio⁸
1148 784 1213 828 non
1225 767 1332 830 minus

235 864 365 942 addidit
378 864 506 947 gloriae,
516 883 617 947 quam
633 864 751 946 pulsus
765 865 913 928 ambitus
922 862 1081 947 Camp0,¹’
1097 873 1238 938 exactus
1253 867 1331 933 hus<

234 967 295 1030 tis⁰
305 967 399 1045 mari,
410 961 547 1030 oriensd
562 965 748 1048 triumphis,
762 965 1000 1048 occidensque⁰
1013 965 1184 1030 lustratus.
1207 970 1240 1032 2.
1255 967 1332 1032 Nec

233 1086 314 1132 vero
329 1068 388 1132 ille
404 1067 563 1142 civilius*¹
578 1087 675 1149 quam
687 1085 808 1150 parens
825 1072 944 1144 noster,
954 1067 1165 1146 auctoritate,
1177 1069 1331 1147 oonsilio,

265 1258 278 1282 ⁶
298 1249 402 1299 Ratione
415 1249 493 1312 magis
502 1249 618 1313 populari.

691 1343 871 1366 conrnune

233 1462 272 1511 nti
289 1459 388 1510 factum
405 1463 445 1508 est
457 1458 482 1507 iu
495 1458 599 1516 Aldina,
611 1459 739 1517 Sichardi,
752 1468 780 1510 et
794 1461 894 1510 Hearn.
925 1455 1047 1510 Alim'eutu
1061 1466 1089 1510 et
1103 1461 1228 1522 congiaria
1246 1464 1332 1527 jungi,

228 1526 284 1589 jam
305 1524 432 1590 superiori
452 1525 539 1586 capita
559 1523 742 1574 defendimus?
759 1525 845 1575 Arata.
879 1525 948 1574 Haee
967 1527 1055 1584 verba,
1075 1526 1201 1588 proeatahia
1219 1527 1332 1577 alimento

232 1593 255 1640 ai
264 1592 336 1647 coles,
347 1591 441 1640 omissa
450 1594 510 1637 snut
520 1603 535 1636 a
547 1589 650 1638 Puteal.
662 1593 734 1638 1476.
754 1591 849 1639 Veurt.
862 1594 936 1639 raba.
949 1591 1072 1640 Beroald.
1083 1592 1174 1640 citam
1187 1591 1246 1641 ald.
1257 1593 1332 1644 dunt.

233 1654 374 1704 Philomus.
389 1655 507 1703 Rheuau.
523 1651 631 1701 Arcena.
650 1653 684 1702 R.
701 1655 793 1717 Steph.
806 1651 883 1711 cava,
896 1663 923 1703 et
933 1653 1050 1703 Patarol.
1063 1656 1106 1702 sed
1119 1656 1145 1703 in
1159 1655 1215 1703 aliis
1227 1658 1286 1705 end.
1304 1665 1332 1707 el

232 1719 338 1781 scriptis
357 1718 475 1768 omuibus
494 1724 596 1777 extant,
613 1731 665 1767 uno
681 1717 765 1768 Paris.
780 1726 900 1781 excepto.
932 1717 965 1766 In
981 1719 1024 1769 ed.
1036 1719 1115 1768 Grnt.
1128 1721 1229 1768 inverso
1242 1720 1332 1770 ordine

233 1784 365 1846 leguntur,
380 1781 515 1831 Praestabis
532 1781 654 1838 climata,
671 1782 693 1832 si
709 1784 789 1840 ootea,·
805 1782 872 1832 dudio
883 1782 1015 1843 congiaria,
1031 1783 1054 1831 si
1071 1785 1142 1833 uoles.
1177 1786 1243 1835 Eue.
1255 1787 1330 1834 Voss.

231 1848 328 1896 habent
337 1849 361 1897 si
370 1849 451 1896 notha.
483 1847 557 1904 Mox,
569 1845 627 1895 duae
641 1860 726 1903 voces,
738 1847 777 1894 illi
788 1846 979 1906 tremendorum
991 1849 1015 1895 in
1028 1847 1141 1910 Guelplr.

267 1912 336 1961 Car.
350 1925 435 1960 xxix.
469 1915 482 1959 1
502 1911 604 1958 ‘laetor
618 1911 673 1973 ego]
691 1912 813 1972 Suspicor
826 1912 858 1958 de
870 1912 940 1959 lriatu
953 1912 1049 1974 aliquo,
1068 1926 1116 1961 nec
1133 1912 1195 1960 satis
1214 1912 1331 1974 harsut;

214 1977 279 2042 ,etsi
297 1975 383 2026 fateor
394 1983 480 2024 tamen
492 1975 612 2036 apposite
623 1975 760 2037 congiariis
774 1989 901 2024 annonam
913 1976 1025 2038 subtexi,
1043 1984 1073 2024 ut
1086 1991 1143 2038 quae
1157 1977 1256 2038 pariter
1268 1978 1333 2026 lihe-

232 2042 363 2090 ralitatem
384 2041 486 2102 tangit3
507 2038 552 2087 sed
573 2040 653 2087 verbu
672 2041 758 2102 aliqua
778 2041 883 2096 absunt,
904 2041 996 2103 quibus
1015 2041 1109 2089 decore
1132 2055 1163 2089 eo
1184 2042 1332 2092 transierit.’

231 2105 300 2167 Lips.
327 2105 426 2167 Gryplr.
438 2102 558 2154 Sichard.
569 2112 597 2151 et
608 2103 644 2153 H.
657 2103 747 2164 Steplr.
760 2105 786 2152 in
794 2106 919 2166 margine,
932 2105 1010 2154 instat
1021 2119 1095 2164 angor
1112 2105 1187 2154 vett.
1200 2111 1224 2154 l.
1234 2111 1259 2155 2.
1270 2111 1293 2154 3.
1305 2110 1331 2156 d.

231 2163 328 2218 Venet.
339 2175 367 2217 et
379 2169 473 2218 Sallab.
492 2168 573 2215 Instar
582 2182 657 2229 ergo,·
670 2169 760 2217 Pater.
770 2169 863 2230 aliique
876 2169 951 2218 codd.
963 2177 990 2218 et
1000 2169 1060 2217 edd.
1078 2169 1220 2230 lasturego.
1246 2173 1253 2198 ‘
1266 2171 1332 2220 Haec

230 2234 361 2282 sententia
377 2232 583 2282 commodissime
601 2233 633 2280 ad
649 2245 737 2280 curam
754 2247 862 2281 aurianae
875 2234 978 2282 transit.
1011 2234 1096 2282 Miror
1116 2234 1197 2295 igitur
1216 2235 1332 2297 Lipsiuru

232 2299 352 2346 decorum
361 2297 402 2347 hie
415 2297 551 2346 transitum
559 2295 735 2346 desiderasse.
764 2297 895 2346 Schwarz.
906 2298 946 2345 hic
956 2297 1046 2345 mirum
1059 2298 1084 2346 in
1097 2298 1199 2347 mudum
1212 2297 1331 2356 fluctuat,

151 2415 153 2421 p
232 2369 467 2425 atquenuncergo,
486 2375 553 2410 nuuc
569 2359 905 2423 veranuneegodefeudlr.
939 2361 1051 2412 Dubitat
1069 2363 1159 2422 etiarn,
1176 2371 1262 2412 utrum
1274 2377 1332 2425 argo

232 2441 301 2478 nrrnc
322 2426 449 2488 significet
464 2425 482 2474 i.
495 2441 521 2488 q.
539 2439 604 2482 aero,
623 2439 655 2472 an
673 2426 718 2485 sit,
737 2425 830 2474 deinde.
865 2425 917 2475 Sed
937 2427 1013 2474 unice
1033 2441 1120 2474 rerum
1142 2435 1182 2477 est
1195 2443 1247 2488 ego,
1263 2429 1332 2491 qnod

231 2492 329 2540 Noster
341 2491 435 2555 ubique
448 2489 503 2539 fere
515 2489 598 2548 addit,
608 2489 651 2538 ubi
658 2490 785 2552 judicium
797 2504 868 2538 surim
881 2490 1038 2553 interponit.'
1057 2491 1202 2550 (iterim-2
1215 2493 1266 2540 Nec
1277 2506 1332 2540 avaro

229 2554 370 2606 illecmilius
380 2557 437 2607 cod·
448 2556 540 2605 Pater.
549 2560 576 2604 et
584 2555 610 2603 in
618 2556 744 2619 margine,
755 2555 876 2604 AEmilius.
903 2554 974 2604 Idem
985 2555 1069 2605 codex
1077 2569 1147 2616 mos,
1158 2556 1252 2606 reclusit
1263 2557 1333 2614 niusa

717 2734 825 2785 NOTAE

264 2840 280 2865 ¹¹
298 2832 401 2894 Propter
413 2831 449 2894 te]
467 2831 527 2880 Nou
539 2836 644 2894 propter
656 2831 760 2894 congia·
800 2833 906 2882 sissimis
915 2832 1095 2894 largitionibus
1105 2847 1135 2881 ae
1145 2831 1330 2881 blanditiarum

232 2909 298 2956 rium
314 2916 385 2955 tuum
394 2926 402 2967 ;
418 2906 464 2954 sed
482 2912 512 2955 ut
529 2913 556 2954 te
575 2907 759 2968 imperatorem
801 2921 896 2970 genere
908 2909 977 2956 omni
986 2907 1076 2956 ambiri
1088 2909 1252 2971 magistratus
1265 2907 1331 2954 sule·

230 2983 351 3043 habeant,
363 2988 392 3030 ut
410 2979 458 3030 oeri
475 2981 513 3030 trri
530 2978 656 3032 felicitate
672 2979 760 3031 fruan·
801 2984 874 3034 bant.
910 2983 959 3032 Cui
980 2985 1048 3032 malo
1069 2991 1098 3033 ut
1119 2984 1264 3033 mederetur
1281 2982 1333 3032 Cn·

231 3067 283 3110 tnr.
801 3059 943 3123 Pompeius
954 3061 979 3109 iu
989 3062 1067 3111 lertio
1079 3077 1126 3110 suo
1132 3062 1267 3111 consulatu
1272 3075 1331 3123 gra·

264 3136 368 3198 ²Htp'ra
378 3150 402 3185 a.
413 3149 471 3184 curu
481 3132 606 3198 Pompeio]
619 3134 760 3185 Constituti
801 3135 930 3185 vissimum
939 3136 1023 3200 legem
1033 3136 1094 3186 tulit
1101 3135 1134 3186 de
1143 3136 1250 3186 ambitu.
1268 3135 1330 3183 Plu·

231 3221 307 3262 erant
320 3209 440 3274 praefacti
452 3208 581 3258 frumento
597 3210 623 3258 in
638 3212 760 3272 pupulum
802 3213 918 3264 tarchns.

231 3286 419 3342 distribuendo,
426 3287 480 3334 sire
490 3285 640 3342 donaretur,
650 3285 704 3334 sire
714 3287 760 3335 mi·
833 3297 845 3323 ⁶
863 3285 958 3352 Hostis]
973 3287 1065 3337 Pirala
1087 3286 1168 3337 Cilix:
1187 3287 1255 3351 quod
1278 3285 1331 3336 lire·

231 3363 515 3422 nimodistraheretnr;
528 3375 604 3427 quam
623 3359 761 3424 praefectu-
802 3371 856 3415 tum
877 3363 968 3413 dicbus
990 3377 1040 3412 uon
1059 3363 1167 3426 amplius
1185 3365 1225 3411 tu.
1242 3368 1331 3412 narrat

232 3453 284 3487 ram
297 3439 345 3488 Cri.
358 3437 498 3502 Pompeius
515 3453 555 3487 au.
570 3435 605 3487 U.
617 3438 647 3487 C.
659 3441 716 3488 696.
734 3438 760 3487 iu
801 3440 967 3504 Plutarchus,
988 3437 1133 3502 Appianus,
1150 3437 1250 3502 Florus,
1265 3437 1330 3486 Tul·

231 3514 441 3579 quinquennium,
453 3514 498 3562 sed
514 3521 590 3562 extra
600 3511 716 3563 ordinem
733 3515 759 3563 in
800 3516 849 3564 lius
861 3515 894 3564 de
906 3515 1028 3564 Prurinc.
1040 3514 1173 3564 consular.

231 3606 330 3641 summa
340 3605 448 3640 annona
460 3589 613 3641 difficultate
625 3591 716 3652 gessit,
732 3596 761 3639 et
832 3591 845 3624 ἃ
863 3591 961 3654 Oriens]
975 3589 1027 3638 Ubi
1039 3588 1229 3649 Mithridatem,
1241 3588 1330 3649 Tigra·

176 3707 182 3717 .
232 3682 279 3731 per
291 3681 319 3716 se
331 3681 361 3716 ac
373 3682 421 3732 per
431 3673 470 3717 15.
481 3669 579 3730 legatos
592 3681 649 3716 eam
660 3666 693 3715 ob
706 3681 759 3716 rem
801 3681 869 3729 nem,
881 3667 1005 3726 Albanos,
1016 3664 1116 3726 iberos,
1127 3663 1238 3725 Arabas,
1247 3670 1274 3713 et
1282 3663 1330 3715 du·

231 3743 281 3806 Ipsi
293 3743 367 3793 datos
376 3750 476 3792 tantam
487 3742 611 3794 frumenti
623 3744 722 3806 copiam
732 3745 760 3791 in
801 3744 871 3791 daeos
883 3743 954 3791 vicit.

232 3818 331 3868 Urbem
354 3819 464 3880 invexit,
486 3820 588 3882 utplus
607 3834 640 3868 ea
661 3834 690 3868 re
710 3819 760 3868 sibi
820 3826 843 3852 '⁰
862 3815 1030 3880 Occidensque]
1047 3816 1116 3864 Puta
1131 3815 1157 3863 iu
1176 3813 1275 3875 Africa,
1286 3816 1330 3866 ubi

232 3895 317 3943 laudis
331 3897 473 3959 pepererit,
483 3907 558 3958 quam
569 3902 608 3943 tot
620 3895 761 3959 reportatis
801 3895 944 3944 Domitium
957 3891 1085 3956 ‘reliquias
1101 3892 1233 3940 exercitus
1251 3889 1331 3940 Marii

232 3969 356 4020 victoriis.
381 3971 547 4034 Plutarchus,
556 3971 648 4020 Cicero
659 3971 760 4034 proLe·
802 3970 966 4032 colligentem
994 3969 1090 4018 rictum
1126 3966 1277 4029 interiecit3
1302 3969 1330 4018 in

233 4047 393 4108 geManilio.
802 4045 939 4110 Hispania,
963 4045 1007 4094 ubi
1034 4036 1331 4108 Sertorium,''Perpen·

261 4120 272 4152 l
284 4122 372 4170 Pulsus
382 4122 484 4171 ambitus
496 4123 593 4186 Campo]
603 4119 710 4177 Martio,
719 4121 762 4170 uhi
802 4119 1231 4186 nam,hectoriumque'superarit.

233 4197 317 4262 plebis
336 4196 460 4264 suffragia
477 4199 644 4263 emendicari,
655 4205 682 4250 et
700 4195 762 4248 etiu-
