3088 4848
275 367 342 436 ³22
634 383 667 431 u.
691 381 811 430 aaran
835 379 1000 434 saeuam

277 523 392 602 debat,
406 527 529 608 praeter
545 523 687 590 miseros
702 525 792 599 illos,
810 523 869 608 qut
886 523 984 607 primi
995 522 1299 605 interrogabantur?
1314 544 1374 589 oea

278 628 341 692 teri
355 626 492 711 quidem
505 627 610 692 defixi
630 634 665 690 et
680 628 813 692 attoniti
833 628 940 710 ipsam
960 626 1050 691 iilam
1066 631 1188 690 mutam
1202 632 1238 689 et
1250 626 1368 691 sedeas

276 727 394 793 tarium
409 727 614 792 assentiendi
628 723 880 800 necessitatem,
892 746 1043 809 quonum
1059 726 1172 790 dolore
1183 726 1370 810 animi,quo

276 846 351 894 uum
367 829 470 894 totius
485 829 638 912 eorporis
653 827 801 905 horrore,
817 829 1112 911 perpetiebanturt
1155 828 1187 889 4.
1204 827 1299 892 Unus
1315 845 1368 902 so-

272 929 393 1012 lusque
407 931 578 1004 censebat,
590 931 683 1014 quod
702 939 921 1013 sequerentur
932 950 1060 1005 omues,
1073 935 1106 994 et
1117 947 1233 994 omnes
1247 929 1368 1011 impro-

274 1033 405 1108 barent,
411 1032 561 1115 inprimis
572 1032 658 1114 ipse,
668 1032 726 1115 qui
736 1039 920 1098 censuerat.
934 1031 1034 1098 Adeo
1043 1031 1138 1094 nulia
1148 1031 1254 1111 magis
1264 1030 1369 1108 omui-

259 1132 549 1214 ,busdisplioent
562 1151 663 1215 quam
678 1153 753 1216 quar
766 1134 817 1198 sie
834 1133 931 1212 fiunt,
955 1140 1110 1216 tanquam
1126 1132 1280 1196 omnibus
1294 1130 1368 1212 pla-

274 1240 386 1298 ceant.
414 1233 447 1296 5.
463 1233 621 1300 Fortasse
632 1234 808 1316 imperator
824 1237 858 1300 in
876 1240 993 1300 senatu
1005 1235 1048 1300 ad
1065 1233 1279 1298 reverentiam
1294 1232 1370 1314 ejus

275 1334 544 1417 componebatur
556 1353 566 1414 ;
577 1345 592 1372 ⁸
614 1339 757 1399 ceterum
773 1355 938 1417 egressus,
950 1336 1063 1400 statim
1079 1355 1118 1398 se
1137 1334 1322 1416 recipiebat
1336 1334 1369 1395 iu

275 1435 490 1519 prinoipem,⁰
512 1437 688 1518 omniaque
704 1438 892 1502 consularia
904 1437 1016 1502 officia
1031 1437 1176 1518 abigere,
1190 1434 1369 1517 negligere,
1387 1503 1392 1508 ,

275 1543 495 1614 contemnere,
511 1538 651 1602 solebat·
693 1541 725 1603 6.
749 1539 811 1602 llte
828 1548 926 1604 vero‘
947 1541 997 1604 ita
1009 1539 1137 1615 consul,
1149 1543 1184 1602 ut
1199 1536 1230 1600 si
1244 1540 1370 1598 tantum

275 1638 507 1716 consultaret,
523 1637 606 1702 nibil
622 1638 709 1703 iufra
724 1659 760 1702 se
780 1643 933 1722 putabat,
954 1642 1017 1706 nisi
1036 1640 1128 1725 quod
1152 1637 1237 1702 infru
1251 1655 1370 1700 oonsu-

272 1739 337 1804 lem
354 1747 454 1804 esset.
490 1741 523 1804 7.
545 1737 598 1804 Aa
610 1742 763 1822 primum,
774 1742 821 1805 ita
832 1741 932 1806 durno
942 1741 1221 1825 progrediebatur,
1232 1736 1372 1800 utillum

274 1842 385 1906 nultus
404 1847 588 1925 apparatus
608 1843 802 1925 arrogantiae
826 1843 1033 1926 principalis,
1052 1839 1164 1905 nullus
1186 1856 1373 1921 praecurem

274 1939 368 2008 rum‘
388 1943 563 2018 tumultus,
582 1943 754 2009 detineret.
799 1945 878 2010 Una
901 1951 973 2010 erat
992 1946 1026 2008 in
1043 1944 1157 2008 limine
1170 1959 1277 2017 mora,
1292 1958 1373 2003 oon-

275 2045 517 2118 suttareares,⁸
529 2046 740 2129 revererique
755 2047 927 2110 numinum
943 2045 1100 2110 monitus.
1125 2043 1157 2106 8.
1172 2040 1285 2104 Nemo
1297 2059 1372 2122 per·

274 2145 485 2223 turbabatur,
498 2165 595 2211 nemo
611 2150 899 2213 summovebatur:
922 2155 1018 2212 tanta
1031 2139 1243 2210 viatoribush
1265 2140 1372 2223 quies,

284 2343 287 2350 ⁴
306 2329 321 2356 ³
337 2323 601 2388 beataemariae
612 2329 722 2378 barrama
733 2330 829 2382 baberet
841 2329 943 2380 emutat.

281 2389 285 2396 '
307 2393 318 2419 ⁰
335 2389 493 2454 marinna
498 2392 594 2453 saetam
603 2394 743 2444 resumebat.

731 2519 913 2542 numo

274 2599 383 2662 aimon,
397 2599 438 2661 qai
449 2600 551 2662 primam
563 2599 674 2664 Gneipb.
694 2605 783 2649 mutam
793 2605 817 2650 et
828 2601 974 2650 edentariam
985 2601 1079 2650 Venet.
1092 2603 1115 2649 l.
1132 2604 1220 2650 atatam
1231 2602 1254 2647 et
1265 2597 1373 2646 aibatia·

273 2664 337 2712 riam
346 2663 439 2712 Satisb.
457 2665 541 2712 Panto
553 2671 622 2726 port,
632 2665 735 2726 carparis
745 2665 841 2714 haman
848 2665 988 2726 petebantur
1000 2667 1040 2714 ed.
1051 2665 1156 2714 Puteal.
1173 2662 1276 2724 carparis
1284 2662 1309 2709 b.
1317 2676 1372 2723 per-

273 2726 430 2790 petrabantur·
446 2729 503 2776 aad.
521 2729 663 2777 Patra-a
680 2729 711 2777 In
730 2728 883 2791 quibusdam
902 2729 978 2778 codd.
994 2736 1106 2792 tanquam
1117 2727 1224 2776 amnibus
1232 2731 1373 2788 pateant.-

274 2795 290 2838 b
307 2790 343 2839 At
349 2791 457 2851 fortasse
468 2791 597 2853 imperator
608 2792 679 2854 Lips.
698 2792 810 2840 Fortasse
820 2793 944 2854 imperium
956 2792 1067 2855 Gueipb.
1093 2792 1175 2840 statim
1184 2805 1209 2839 se
1218 2805 1241 2838 r.
1259 2790 1284 2837 ia
1300 2789 1372 2852 trape-

273 2859 378 2902 ratarem
393 2854 522 2917 pmadpem
539 2856 613 2904 Vatt.
630 2859 654 2903 θ.
665 2860 691 2904 t.
715 2857 793 2920 officia
808 2856 908 2916 abjicere
919 2857 1007 2905 maluit
1022 2857 1155 2905 Lirim-ti
1171 2856 1217 2903 rue
1227 2867 1281 2902 aera
1292 2853 1374 2902 comat

273 2917 311 2965 ita
322 2917 381 2966 eod.
399 2919 493 2966 Pater.
514 2924 542 2965 et
561 2919 627 2966 Eae.
645 2920 720 2967 Voss.
738 2918 825 2978 ‘Infra
842 2921 970 2984 comatam]
989 2921 1032 2970 Sto
1044 2927 1116 2969 reete
1129 2918 1212 2967 edidit
1223 2916 1373 2976 Catauaur,

275 2993 352 3044 quem
362 2981 468 3044 plurimi
484 2981 567 3040 aestui
579 2987 647 3030 suat.
682 2981 764 3031 codd.
775 2995 840 3044 qnos
850 2983 980 3032 Suburana.
991 2985 1129 3040 consuluit,
1141 2988 1168 3031 et
1179 2981 1240 3030 edd.
1250 2980 1371 3044 antiquae,

273 3043 339 3104 infra
352 3059 406 3103 aaa:
423 3044 544 3110 idemque
555 3045 668 3095 serravit
680 3047 757 3095 etiam
770 3046 895 3096 Arntaen.
930 3048 981 3096 Sed
993 3049 1076 3098 bivia.
1085 3054 1114 3096 et
1122 3047 1207 3096 Sohar.
1221 3045 1374 3094 indicarunt

274 3109 413 3222 Rrgpinplnpr
415 3109 489 3224 ῐ111117·
500 3111 666 3224 ἒοτᾶιιὲῑείὴ.
699 3111 743 3224 ³3ss
756 3109 898 3224 convincite
915 3111 972 3160 fieri
990 3109 1281 3226 μοῑιιὶῑΐιοιΐωὶἶὶεπὲις.ί
1302 3109 1372 3222 Χὶιὲῗ

344 3204 352 3221 .
429 3199 468 3223 .-
524 3189 567 3223 o.
602 3189 695 3223 aar-e
744 3189 784 3225 ao.
826 3190 878 3225 osa.
945 3191 1064 3226 mearam
1086 3191 1139 3224 ama
1189 3208 1197 3223 .
1255 3188 1291 3223 a.

275 3235 390 3300 Guelpb.
416 3240 634 3289 immanitates.
667 3238 719 3287 Pro
738 3190 1031 3295 aasumeoazmpmar.
1049 3249 1077 3290 et
1095 3241 1161 3288 Eae.
1178 3238 1253 3286 Voss.
1272 3237 1371 3287 babeat

273 3302 421 3350 monita-8
444 3302 495 3352 Hm
515 3303 574 3351 dna
602 3316 685 3358 voees,
702 3302 779 3352 Nemo
795 3303 989 3367 perturbabatur,
1009 3304 1104 3354 desunt
1121 3305 1146 3352 iu
1166 3301 1224 3351 cod.
1241 3302 1368 3350 Seirwara.

275 3361 353 3412 Neara
361 3366 546 3427 proturbabatur
557 3367 640 3416 Liria.
658 3368 685 3416 in
702 3380 784 3430 marg.
802 3368 844 3417 ed.
856 3383 920 3431 sua,
929 3383 1006 3434 quam
1017 3370 1080 3419 leet.
1091 3373 1246 3430 receperunt
1257 3366 1370 3429 beraea.

766 3527 872 3576 NOTAE

306 3625 319 3652 θ
334 3619 454 3684 littaera]
471 3620 596 3684 Trajaana
618 3635 681 3670 vero
702 3621 739 3672 ita
760 3630 802 3671 eat
842 3624 1374 3690 vietortntiminepalatii‘augnmtorium

273 3695 451 3760 eonsni,quasi
460 3696 528 3747 idem
535 3705 662 3762 praeterea
672 3711 723 3747 noa
733 3704 803 3748 esset
842 3699 934 3761 pouit)
966 3702 1044 3754 Forte
1056 3701 1111 3765 ipss
1122 3700 1250 3763 Trajaana
1261 3700 1327 3749 banc
1338 3700 1372 3750 ab

275 3769 427 3833 imiterator.
841 3773 967 3838 Hispanis
1000 3777 1211 3827 consuetudinem
1240 3775 1373 3836 hauserat,

307 3844 522 3911 'honerarem
534 3849 767 3907 Praeambntoaaur,
775 3858 803 3900 et
843 3865 907 3915 quoa
918 3855 1051 3916 captandis
1071 3852 1183 3915 auguriis
1197 3850 1372 3900 deditissimus

274 3923 461 3986 apparitorum,
472 3925 527 3988 qut,
543 3931 573 3974 ut
584 3927 650 3974 riam
663 3926 801 3989 praemuni·
842 3925 921 3977 tuisse
931 3929 968 3978 ait
979 3929 1142 3991 Lampridius
1151 3928 1176 3976 iu
1187 3925 1347 3976 Ataxandrn.

274 4002 334 4045 rent
344 3997 575 4061 principatur-barn
587 4000 792 4062 summovebant.
873 4001 887 4036 ¹¹
906 4003 1054 4068 Viataribaa]
1069 4003 1191 4053 Viatores
1209 4002 1315 4065 proprie
1330 4001 1371 4050 di·

306 4074 477 4124 acaunum
503 4073 569 4136 anea]
585 4075 654 4147 Quid
680 4076 758 4138 ergo?
774 4089 801 4125 a·
841 4077 977 4141 nubantur,
998 4081 1043 4145 qni
1062 4081 1239 4143 magistratus,
1259 4079 1280 4128 ai
1301 4076 1372 4128 farte

273 4150 341 4194 trum
364 4149 389 4196 in
409 4150 540 4200 domorum
562 4165 668 4216 egressu
686 4151 803 4214 auspicia
842 4168 886 4203 rua
896 4155 994 4203 otiandi
1005 4169 1083 4207 causa
1091 4165 1281 4210 conoessemat,
1291 4153 1316 4202 in
1326 4168 1373 4203 en-

275 4231 377 4285 semper
387 4226 575 4289 captabantur?
608 4227 686 4278 Certe
698 4228 802 4294 quidem
842 4231 906 4282 riam
914 4232 1094 4284 accersebant.
1107 4231 1237 4282 Videriin
1249 4243 1306 4280 eam
1315 4225 1380 4280 retia
