3050 4842
240 357 308 426 ⁴⁰2
567 369 787 424 anawanum
811 371 1015 427 nxonnsus

239 514 390 576 amq-yda.
405 513 1340 584 anamnesirsmmtsgersentaetreansnstsmrrem

238 595 348 645 Μαί
357 609 447 654 swan,
457 594 541 658 mos·
550 610 582 644 ex
591 597 700 660 Egyptn
709 596 736 645 ia
747 596 1001 666 ltslimsfrnratasr
1012 598 1138 660 inportari
1152 600 1222 650 solet.
1254 601 1342 652 Etiam

241 682 302 724 ante
314 674 361 724 lros
371 675 512 738 scriptores
523 676 601 725 Plrilo
611 675 721 726 Judaus
732 676 792 726 adr.
804 678 892 728 Flaec.
904 693 965 742 pag.
977 683 1035 728 750.
1044 687 1230 730 commemorat
1241 678 1355 730 saman·

240 755 319 812 irrite
328 753 503 818 Ἀλιεοδριίυ
513 755 718 819 commoriens,
728 756 768 807 καὶ
777 757 959 824 murmuras
969 756 1121 822 κυβερνήτας,
1136 772 1210 808 nones
1221 775 1253 809 ea
1267 761 1344 810 Alex·

239 835 329 884 andrie
349 835 479 891 onerarint.
499 851 585 900 empse
606 839 754 903 celerrimos,
775 843 799 888 et
816 839 989 900 gamalam
1004 839 1089 888 hrum
1110 840 1343 902 experientissimus

239 915 339 978 sitque,
356 914 503 980 Agrippam
516 917 631 968 llerndis
643 920 712 981 regia
725 927 846 984 nepotem
865 921 987 970 Puteolis
1005 933 1084 969 nares
1106 917 1297 970 Alexandrinas
1314 919 1344 968 ln

239 1004 316 1058 portu
329 1003 435 1060 paratas
446 996 479 1046 sd
490 997 643 1047 solvendum
655 999 797 1050 invenisse.
831 1001 875 1050 Sin
888 1014 950 1050 sero
961 998 1161 1064 appellabantur
1169 1013 1248 1050 nares
1260 997 1341 1050 Alex-

238 1075 362 1140 andrina,
374 1083 427 1124 tum
441 1075 500 1136 qtsia
512 1077 682 1127 Alexandria
693 1085 835 1129 exstructa
847 1085 932 1140 erant,
949 1087 1002 1128 tum
1014 1079 1074 1144 qnia
1090 1077 1221 1128 frumento
1232 1078 1341 1142 aliisque

238 1155 369 1206 mercibus
385 1164 486 1205 onustae
504 1164 632 1207 venerant
651 1158 819 1209 Alexandria.
853 1160 983 1208 Lucienus
1000 1160 1058 1207 loeo
1070 1157 1147 1208 modo
1158 1159 1275 1208 excitato
1286 1173 1340 1208 me·

237 1229 313 1284 minit
331 1232 461 1294 Αἰγυπτίου
482 1237 614 1300 sommi,
633 1239 746 1302 AEgyptii
761 1237 921 1297 fabricatoris
939 1237 1015 1286 annu.
1048 1236 1111 1300 Ejus
1129 1247 1216 1286 aurens
1236 1221 1343 1300 generis

237 1328 330 1363 narem
343 1311 537 1364 frumentariam
557 1318 636 1366 etiam
655 1315 735 1366 inisse
752 1319 836 1366 πλοῖον
845 1315 1031 1378 Ἀλεξανδρινὸν,
1047 1331 1131 1370 soreos
1142 1317 1342 1373 Alexandrinam,

237 1407 289 1458 qna
307 1394 382 1443 diens
401 1393 543 1458 Apostolus
565 1395 665 1447 Paulus
683 1403 774 1446 rectus
792 1404 833 1446 est
853 1397 878 1445 in
897 1397 1012 1458 Italiam,
1034 1394 1113 1444 facile
1133 1401 1208 1457 patet
1228 1410 1261 1444 ex
1278 1394 1343 1447 Act.

235 1474 332 1537 Apost.
345 1487 435 1524 narr.
446 1479 472 1524 o.
483 1483 510 1524 et
520 1479 562 1524 88.
596 1475 628 1524 ld
639 1475 707 1539 qnod
721 1475 839 1539 pluribus
850 1474 1039 1524 demonstrasse
1052 1474 1147 1523 dicitur
1160 1473 1198 1522 rir
1210 1475 1342 1538 quondam

235 1552 524 1606 doctissimnsJacobns
542 1554 653 1604 Heraens
674 1556 701 1604 in
718 1555 845 1618 peculiari
865 1555 1051 1604 dissertatione
1070 1555 1104 1603 de
1123 1553 1241 1603 Naribus
1258 1554 1342 1618 Apot-

237 1634 317 1683 tolom
328 1634 439 1683 Paulum
461 1633 486 1684 in
503 1635 608 1684 ltaliam
629 1634 824 1695 deferentibns;
842 1649 919 1699 qrrans
936 1635 1146 1684 dissertationem
1159 1633 1248 1684 iaudat
1260 1635 1341 1686 decus

235 1713 366 1780 qnondam
377 1713 504 1764 Ecclesiae
515 1722 621 1774 nostras,
630 1714 671 1765 lo.
680 1715 882 1778 christophorus
893 1713 1003 1764 Wolfius
1012 1703 1039 1762 in
1051 1714 1126 1763 Coris
1139 1714 1300 1777 philologieis
1312 1723 1342 1765 et

235 1793 345 1856 criticis,
366 1799 429 1843 torn.
448 1807 468 1842 r.
487 1808 548 1857 pag.
567 1799 642 1844 1368.
682 1795 749 1846 Quae
769 1809 827 1843 cum
848 1796 885 1844 ita
905 1795 965 1857 sint,
985 1807 1090 1857 prorsus
1106 1793 1168 1842 milri
1188 1808 1341 1856 persuasum

234 1871 330 1934 liabeo,
348 1873 374 1922 in
393 1879 519 1922 annotato
536 1873 695 1937 Panegyrici
717 1873 832 1923 Pliniani
848 1875 908 1924 loeo
927 1875 1014 1934 etiam,
1028 1873 1138 1938 nuribus,
1157 1887 1205 1937 pro
1222 1874 1341 1931 mnibus,

233 1951 312 2002 scribi
322 1953 426 2017 legique
437 1953 540 2002 debers.
576 1952 609 2002 Id
628 1953 708 2018 quod,
724 1954 750 2003 in
770 1953 860 2017 paucis
878 1953 937 2003 istis
956 1953 1192 2008 emendationibus.
1212 1953 1340 2017 quasPa·

234 2031 358 2080 risienses
378 2030 487 2081 editioni
505 2048 558 2082 rna
577 2048 619 2083 au.
639 2037 713 2084 rota.
735 2033 882 2097 subjecere,
901 2034 933 2082 ad
954 2035 1052 2083 calcem
1072 2032 1229 2096 Panegyrici
1247 2032 1340 2096 Plinii,

233 2125 295 2175 pag.
306 2115 365 2160 723.
382 2111 480 2161 dudum
500 2113 685 2162 animadvertit
702 2115 797 2163 Fratre.
809 2109 933 2174 iusseram
950 2111 996 2161 sed
1008 2121 1035 2161 et
1049 2111 1170 2160 Livineus
1181 2111 1208 2159 in
1220 2112 1339 2174 margine

233 2191 365 2253 innuerat,
382 2190 452 2240 sorte
470 2189 606 2253 legendnm
619 2207 677 2240 esse
689 2193 804 2250 nonime
821 2198 851 2243 ut
868 2193 961 2242 mirum
979 2191 1024 2251 sit,
1039 2197 1093 2238 tam
1113 2191 1266 2251 congruenti
1285 2191 1340 2240 lec-

233 2269 299 2319 tioni
311 2270 424 2331 nonjnm
437 2269 533 2317 dudum
550 2271 635 2316 iocum
648 2270 728 2318 inissa
747 2272 876 2319 relictum.
908 2270 981 2318 Alios
999 2268 1103 2318 codices
1117 2269 1182 2322 Mna.
1200 2269 1226 2316 iu
1245 2268 1340 2334 quibus

232 2335 337 2397 i'uteren
347 2347 414 2396 hanc
425 2347 574 2410 lectionem,
585 2347 612 2395 in
626 2345 734 2410 normas,
745 2349 842 2403 inveni.
851 2348 907 2410 jam
919 2346 953 2396 ad
968 2347 995 2396 lu.
1005 2348 1023 2395 l.
1034 2347 1165 2396 annotavi.
1199 2345 1261 2395 Non
1272 2348 1340 2408 adeo

233 2428 297 2478 satis
308 2427 400 2477 habuit
411 2439 494 2476 causer
508 2427 648 2483 Gruterus,
661 2441 709 2475 esrr
720 2426 929 2476 emendationem
945 2427 1021 2482 hanc,
1039 2441 1116 2491 quam
1129 2427 1185 2490 ipse
1196 2433 1340 2490 agnoverat

233 2503 290 2558 e‘sre
302 2506 472 2571 ingeniosam,
484 2507 624 2569 rejiceret;
642 2513 784 2570 propterea
800 2507 880 2570 qrrod,
899 2508 926 2554 in
940 2497 1117 2562 manibus'esse,
1135 2506 1239 2555 dicatur
1249 2507 1283 2555 sie
1297 2520 1340 2570 eo,

233 2585 303 2652 qnod
319 2594 360 2635 est
378 2587 405 2635 in
422 2592 552 2649 potestate
566 2592 666 2647 nostra,
679 2585 706 2634 in
717 2585 825 2635 arbitrio
837 2591 935 2635 nostro.
967 2585 1031 2647 Sed,
1049 2599 1133 2648 neque
1151 2592 1214 2634 tuuc
1233 2593 1292 2635 erat
1309 2586 1339 2635 in

233 2672 367 2730 potestate
389 2673 417 2714 et
437 2661 547 2714 arbitrio
570 2664 681 2714 nationis
702 2661 843 2729 AEgypstae.
870 2671 955 2714 utrum
977 2665 1059 2713 vellet
1079 2679 1207 2713 annonam
1229 2665 1338 2715 mittere

233 2746 355 2808 Romam,
367 2759 415 2794 nec
430 2759 480 2805 ne3
499 2759 557 2794 eom
569 2743 622 2792 isto
634 2750 752 2805 tempore
764 2745 875 2792 serviret
887 2759 917 2792 ac
929 2743 1068 2792 tributaria
1080 2752 1149 2792 esset
1164 2744 1274 2807 imperio
1286 2745 1339 2794 Ro·

232 2817 318 2885 mano,
330 2832 358 2873 et
370 2824 459 2872 nolens
472 2823 569 2880 rolens,
580 2821 720 2872 dnmmodo
733 2822 781 2872 sibi
795 2830 960 2886 suppeteret,
975 2821 1132 2872 frumentum
1144 2825 1265 2874 Romanis
1277 2839 1339 2887 sup·

232 2905 351 2968 peditare
364 2917 471 2952 necesse
482 2902 601 2951 haberet.
634 2902 711 2953 Quod
729 2903 750 2950 si
766 2903 834 2950 euim
856 2901 1013 2965 tempestiva
1031 2903 1085 2951 Nili
1103 2902 1279 2953 exundatione
1290 2901 1338 2953 foe-

232 2981 452 3049 enudatavfuernt
475 2981 616 3046 AEgyptun;
633 2981 743 3030 navibus
767 2982 851 3046 plenis
873 2988 901 3030 et
922 2981 1023 3030 ousrstis
1046 2980 1214 3030 deferebatur
1235 2997 1339 3032 annona

233 3065 350 3115 Romam.
383 3063 430 3112 Sin
441 3062 545 3112 siccitas
563 3061 739 3125 sterilitasque
757 3062 899 3123 incidisset,
915 3061 1020 3124 navigia
1037 3061 1098 3110 iude
1116 3062 1203 3111 inania
1214 3069 1241 3112 et
1253 3077 1338 3113 saorra

233 3144 383 3199 ueniebant,
395 3143 427 3192 ab
440 3143 502 3206 ipsis
515 3143 638 3192 Romanis
649 3145 765 3206 petitura
774 3141 942 3192 frumentum·
975 3139 1051 3192 stod
1064 3141 1120 3205 ipse
1131 3141 1235 3191 Plinius
1247 3143 1275 3193 in
1286 3143 1337 3193 hoc

232 3225 323 3287 capite
335 3223 442 3272 indicat.
477 3222 572 3285 Neque
580 3222 655 3271 deest
667 3222 727 3271 lruic
739 3221 915 3272 emendationi
928 3222 1071 3271 auctoritas
1084 3219 1181 3282 codicis
1193 3221 1244 3272 Ms.
1255 3237 1271 3270 e
1284 3238 1338 3287 quo

234 3297 335 3354 Gudins
355 3303 381 3351 in
396 3302 480 3351 altero
497 3303 642 3365 exemplari
659 3317 704 3352 suo
720 3302 829 3367 nardus,
849 3316 896 3365 pro
913 3301 1028 3357 nruuibas,
1045 3301 1071 3349 in
1087 3301 1204 3363 margine
1225 3303 1336 3366 rescrip-

232 3391 320 3443 serat3
338 3381 482 3446 cujusmodi
503 3383 691 3431 correctionem
712 3382 791 3431 etiam
813 3380 850 3431 Is.
869 3382 975 3430 Vossius
995 3381 1021 3428 iu
1040 3380 1108 3429 libro
1127 3393 1173 3429 suo
1191 3383 1338 3432 annotarit.

233 3461 276 3510 Ne
293 3476 355 3510 vero
373 3462 448 3523 plane
467 3461 581 3510 insolens
599 3461 730 3524 rideatur,
751 3461 828 3524 vulgo
847 3461 873 3510 in
891 3460 1082 3524 exemplaribus
1102 3460 1260 3524 Panegyrici
1282 3461 1336 3511 Pli-

232 3541 303 3590 ninni
315 3540 457 3602 repositum
471 3552 529 3589 esse
548 3540 664 3596 manitas,
683 3541 874 3590 animadvertas
892 3541 967 3601 licet,
986 3539 1055 3589 idem
1073 3546 1184 3588 erratum
1199 3541 1279 3590 etiam
1292 3556 1335 3592 ac-

233 3622 328 3671 cidisse
346 3619 498 3669 Mamertini
516 3619 682 3683 Panegyrico
694 3620 798 3670 Jnliauo
814 3619 973 3684 Imperatori
990 3619 1072 3669 dicto.
1106 3617 1148 3667 Ibi
1164 3619 1243 3684 enim,
1262 3627 1288 3670 et
1306 3621 1335 3671 in

232 3708 322 3750 nostro
339 3700 429 3750 oodioe
447 3696 498 3750 Ma.
517 3710 544 3749 et
560 3699 587 3749 in
603 3699 756 3764 cuspiniani
773 3700 899 3763 impresso
916 3701 973 3750 luen
992 3698 1113 3762 legimus,
1132 3705 1228 3748 ωδ.
1246 3701 1334 3750 ‘Cum

232 3782 342 3832 Romam
355 3782 444 3844 populi
464 3781 557 3838 rictus,
573 3790 601 3831 et
619 3781 751 3831 exercitus
769 3790 928 3832 commeatus
939 3785 1011 3829 esset
1021 3780 1048 3827 iu
1060 3778 1189 3839 manibus,
1204 3779 1229 3826 in
1248 3780 1335 3830 medis

231 3861 401 3924 expediendas
415 3876 523 3911 annonas
538 3861 723 3924 trepidatione,
740 3862 844 3910 nuntius
861 3859 942 3913 venit,
957 3858 1081 3920 plurimas
1099 3871 1188 3921 naves,
1206 3855 1334 3909 Africano

232 3943 319 3993 tritico
330 3953 433 4006 graves,
446 3942 520 3992 littus
532 3941 675 3990 Achaicum
687 3949 884 4006 praetervectas,
898 3937 1153 4000 Constantinopolim
1167 3939 1336 4005 pervolasse!

232 4011 285 4070 Hic
298 4035 359 4070 rero
371 4021 468 4072 dudum
479 4020 523 4072 alii
534 4036 582 4085 pro
593 4020 701 4072 monibus
713 4021 810 4072 rectius
822 4020 980 4084 rescripsere
992 4017 1099 4068 nantas.
