3022 4852
609 393 850 443 ersrurrrro.
1150 469 1157 482 ⁶
1190 385 1193 394 '
1232 375 1275 444 ³1

176 543 304 627 quibus
319 561 373 607 res
388 547 503 627 gestas
514 545 572 608 aut
583 539 846 624 elingerendas,
858 539 1007 604 locomm
1018 538 1154 616 taciem,
1169 536 1277 603 herni-

174 647 389 711 num·vultus
405 654 465 711 aut
479 652 607 729 gestus,
625 646 675 709 ita
696 644 858 729 depingit,
875 647 910 708 ut
930 649 968 706 tu
983 641 1051 712 illis
1068 644 1166 707 rebus
1180 643 1276 706 inter·

175 769 267 826 esse,
289 767 413 832 easque
438 748 545 812 oculis
562 767 693 818 cernere
707 747 770 811 tibi
783 744 939 810 videaris·
983 743 1063 809 Hac
1077 764 1211 829 quoque
1226 747 1277 810 in-

178 851 265 932 genii
279 856 375 934 parte
387 848 513 915 Noster
523 849 690 926 excelluit,
699 848 888 932 multasque
900 847 974 932 eJus
986 848 1114 931 generis
1125 847 1277 930 picturas

177 953 211 1016 in
225 952 288 1017 hac
302 953 452 1017 oratione
469 951 674 1036 spectandas
689 952 818 1036 posuit.
860 949 1043 1034 Traianum
1059 950 1095 1014 in
1106 949 1277 1034 prouincia

171 1054 250 1139 jura
272 1075 291 1118 e
310 1053 471 1118 tribunali
486 1053 638 1137 gentibus
653 1054 845 1120 reddentem
868 1072 943 1138 cup.
964 1069 1038 1116 cvr.
1053 1053 1086 1116 6.
1102 1050 1278 1116 visendum

176 1157 276 1221 nohis
291 1157 446 1222 exhibet:
471 1158 627 1222 ‘Decora
646 1156 774 1224 iacies!
820 1156 979 1222 Consulis
1002 1155 1107 1221 'multa
1121 1162 1201 1240 post
1214 1173 1277 1220 sae·

179 1258 253 1322 eula
267 1259 412 1324 tribunal
427 1257 527 1323 viridi
538 1260 667 1342 cespite
680 1264 903 1336 exstructum,
912 1277 975 1322 uec
985 1258 1129 1324 fascium
1140 1262 1279 1336 tautum,

175 1358 236 1424 sed
252 1360 397 1443 pilomm
409 1361 643 1444 signorumque
657 1361 784 1424 honore
799 1359 1051 1447 circumdatum.
1095 1347 1278 1442 Augebant

163 1463 389 1547 ,majestatem
412 1462 640 1546 praesidentis,
659 1462 783 1538 diversi
809 1463 1049 1546 postulantium
1071 1462 1220 1539 habitus,
1237 1481 1279 1526 ae

176 1567 328 1644 dissona:
354 1564 480 1631 vo'ces?
495 1563 507 1628 '.
525 1564 646 1630 Nonne
675 1565 728 1630 hic
751 1565 870 1648 pictori
897 1566 1023 1631 tabulae
1047 1571 1279 1647 argumentum
1335 1651 1338 1656 Ι

176 1669 344 1734 delineare
360 1657 512 1756 uoluisse
531 1665 685 1732 rideturi
729 1668 854 1752 Itaque
876 1687 940 1732 nec
963 1667 1103 1733 ‘viridis
1116 1666 1125 1694 '
1140 1669 1278 1753 cespitis

175 1772 303 1836 oblitus
332 1776 392 1835 est.
437 1769 474 1834 Si
506 1769 665 1834 demseris
694 1769 864 1854 poeticum
890 1768 955 1836 hoo
985 1771 1167 1855 epitheton,
1196 1773 1278 1838 nihil

176 1876 211 1938 in
232 1879 306 1939 totu
325 1874 440 1939 tabula
453 1873 526 1950 erit,
547 1873 640 1958 quod
654 1893 723 1938 uon
738 1874 849 1939 valeat
871 1873 913 1937 ad
940 1875 1160 1939 reverentiam
1187 1873 1279 1940 Prae·
1354 1885 1358 1891 “

177 1977 316 2042 sidentis
343 1975 592 2042 declarandam.
646 1976 731 2060 Cap.
764 1993 877 2041 xcrx.
906 1976 938 2039 6.
960 1976 1086 2042 foedam
1112 1975 1278 2041 hahemus
1368 2001 1375 2018 ·

177 2079 376 2145 Domitiani·
388 2079 587 2159 imaginem:
611 2081 622 2114 ‘
632 2079 724 2145 Auta
743 2080 887 2146 medium
908 2079 996 2144 diem
1018 2080 1184 2146 distentus
1200 2080 1278 2144 soli-

176 2184 261 2247 taria
283 2201 384 2246 coena
405 2188 579 2266 spectator
599 2189 839 2268 annotatorque
857 2184 1007 2248 convivis
1040 2183 1206 2248 imminet:
1225 2183 1278 2264 je-

171 2285 269 2369 junis·
294 2291 328 2350 et
351 2285 506 2349 inanibus
528 2285 648 2368 plenus
667 2285 743 2370 ipse
767 2294 803 2351 et
817 2292 965 2364 ructans,
983 2290 1147 2352 nontam
1169 2305 1278 2369 eppo·

148 2431 151 2436 <
176 2389 238 2463 nit,
254 2407 355 2471 quam
370 2387 489 2470 objicit
502 2388 611 2469 cibos,
624 2405 711 2472 quos
727 2389 920 2472 dedignetur
935 2386 1117 2472 attingere.’
1155 2387 1279 2454 Facies

177 2489 327 2575 ejusdem
349 2505 584 2573 cap-,xnvrrn
606 2493 823 2574 exprimitur:
848 2492 957 2576 ‘Ipse
978 2511 1121 2570 occursu
1143 2509 1279 2574 quoque

175 2593 319 2676 uisuque
343 2593 522 2658 terribilis:
545 2595 702 2678 superbia
716 2595 751 2658 iu
765 2595 886 2671 fronte,
908 2596 959 2660 ira
980 2596 1015 2658 in
1031 2593 1153 2670 oeulis,
1168 2592 1291 2656 foemia·

176 2713 262 2758 neus
277 2694 601 2779 pallorincorpore,
613 2697 648 2761 iu
664 2707 721 2760 ore
737 2697 943 2779 impudentia
957 2697 1061 2760 multo
1078 2696 1199 2759 rubore
1211 2696 1279 2759 suia

176 2796 280 2862 fusa!
304 2798 481 2864 Breviores
493 2799 655 2869 interdum
669 2800 830 2865 suntistac
841 2799 996 2883 picture,
1008 2805 1136 2880 utcap·
1148 2796 1277 2886 ¹sirmii.

175 2901 234 2965 ubi
259 2898 338 2965 mali
353 2899 517 2966 malorum
541 2887 734 2988 principum
755 2903 854 2967 amici
879 2903 1007 2968 ‘fronte
1020 2902 1108 2966 tristi
1130 2909 1165 2965 et
1183 2900 1279 2984 gravi

177 3001 361 3085 supercilio
381 3003 584 3076 utilitatibus
607 3005 681 3070 fisci
706 3006 948 3071 contumaciter
963 3004 1119 3086 adsnutss'
1141 3012 1178 3070 et
1201 3023 1276 3088 cap.
1391 3021 1394 3030 ·

179 3105 311 3170 x111.3.
326 3106 385 3169 ubi
406 3125 504 3188 reges
524 3107 659 3172 barbari
673 3107 813 3191 'l'rajuni
835 3107 1032 3180 ‘oculorum
1046 3108 1278 3189 minarumque

180 3205 373 3290 conjectum,
388 3213 608 3294 totocampo,
624 3205 764 3294 totoque
778 3210 929 3273 exercitu
950 3205 1127 3298 opposite,
1142 3207 1278 3292 perhor-

174 3306 343 3390 rescunt3'
365 3309 490 3393 quihus
504 3311 615 3376 verbis
629 3311 772 3376 sortasse
784 3310 827 3376 ad
840 3310 1057 3378 sublimitatis
1072 3309 1206 3375 laudem
1224 3317 1278 3375 hs·
1376 3341 1380 3350 r

175 3411 314 3494 piravit.
336 3406 422 3475 ilum
438 3409 586 3477 Romani
601 3413 839 3479 demolirentur
852 3413 1037 3480 Domitiani
1049 3414 1189 3492 statuas,
1199 3433 1278 3498 cap.

134 3537 140 3548 ¹
177 3530 244 3579 nir.
260 3515 571 3604 ‘Juuahatilliderc
581 3517 656 3582 solo
666 3517 928 3602 superbissimos
940 3516 1066 3596 vultus,
1078 3517 1202 3582 instare
1211 3517 1277 3582 ier·

174 3626 225 3695 ro,
241 3620 362 3682 saevire
376 3617 558 3696 securibus,
575 3626 612 3684 ut
631 3619 662 3683 si
685 3619 834 3702 singulos
855 3620 943 3684 ietns
959 3620 1096 3702 sanguis
1111 3619 1276 3704 dolorque

175 3723 386 3805 sequeretur.
434 3713 544 3784 Nemo
564 3717 642 3785 tam‘
656 3728 843 3805 temperans
866 3721 993 3804 gaudii,
1017 3741 1172 3806 seraeque
1191 3722 1277 3786 lacti·¹

159 3823 246 3901 tiae,
269 3822 350 3904 quiri
373 3819 638 3887 instar‘ultionis
660 3824 840 3901 videretur,
857 3841 993 3890 comere
1016 3823 1148 3887 laceros
1170 3829 1276 3903 artus,

176 3929 331 3990 truncata
355 3925 516 4002 membra,
536 3923 708 4009 pestremo
730 3932 838 3991 truces
853 3924 1100 4008 horrendasque
1115 3925 1280 4008 imagines
1385 3935 1388 3960 ¹

176 4024 352 4112 abJectas.'
389 4025 549 4120 Fideliter
565 4027 617 4092 his
636 4013 770 4111 gaudia,
787 4046 855 4093 non
871 4028 1058 4112 sapientum
1077 4026 1226 4109 quidem,
1241 4036 1276 4095 at

175 4131 382 4214 plebeiorum
397 4129 567 4194 hominnm
584 4129 708 4194 retulit.
745 4128 871 4208 Qualia
882 4129 1012 4194 laetitiae
1025 4127 1119 4208 signa
1134 4129 1275 4194 Senato-

175 4251 230 4300 res
246 4233 311 4299 alio
326 4237 475 4316 tempore
487 4231 647 4311 dederint,
661 4231 799 4318 Trajani
815 4231 957 4306 intertie
969 4216 1143 4296 con‘suletu
1159 4231 1275 4296 huma·
1403 4239 1408 4246 '
