3088 4848
565 379 843 432 rannnrarcus-
889 383 914 430 r.
935 369 989 432 72.
1252 371 1320 438 uto

222 549 285 592 nec
297 529 403 610 magis
414 527 528 592 sinete
543 545 605 589 nus
618 545 693 598 esse
705 525 838 602 salices,
850 545 949 607 quarn
963 533 998 591 ιιι
1014 527 1193 594 ειιιιιιιοιιίε
1207 537 1317 614 potes.

221 632 257 695 3.
279 629 344 703 An,
361 631 391 693 si
405 647 536 712 posses,
552 629 585 691 in
600 629 666 692 fine
676 636 830 692 votorum
844 627 1043 710 adjecisses,
1054 634 1090 692 ut
1103 631 1154 694 itu«
1162 635 1316 713 precibus

221 732 289 796 tuis
306 733 364 796 Dii
381 735 565 803 annuerent,
588 732 617 794 si
632 730 798 813 judicium
814 735 963 794 nostrum
977 731 1095 794 mereri
1109 751 1316 813 perseveras·

221 833 301 896 sesi
346 831 447 896 Adeo
468 833 548 896 nihil
573 831 633 896 tibi
654 850 765 896 umore
791 831 914 894 ciuium
938 833 1123 913 antiquius,
1146 839 1185 895 ιιι
1203 845 1316 900 antea

221 937 330 1011 nobis,
346 934 464 998 deiude
485 954 507 999 a
532 934 628 1014 Diis3
652 939 754 1016 atque
778 935 826 998 ita
846 933 890 998 ab
912 933 984 998 illis
1002 935 1107 998 amari
1127 933 1220 1007 veiis,
1239 938 1269 999 si
1294 955 1316 1001 u

220 1036 317 1102 uobis
333 1037 461 1102 ameris.
503 1038 536 1102 4.
562 1035 605 1100 Et
623 1054 706 1103 sane
724 1037 869 1119 priorum
889 1033 1098 1120 principumj
1122 1037 1236 1100 exitus
1255 1037 1315 1100 du-

220 1138 301 1209 cuit,
323 1157 365 1201 ue
384 1159 405 1202 s
428 1138 506 1202 Diis
529 1137 663 1220 quidem
686 1140 802 1216 amari,
825 1139 891 1204 nisi
915 1157 1001 1222 qnos
1023 1139 1173 1202 homines
1192 1146 1316 1206 ament

215 1237 372 1312 Arduum
396 1247 480 1318 erat,
503 1239 564 1308 has
590 1244 800 1322 precationes
823 1247 902 1307 tuus
918 1241 1077 1306 laudibus
1093 1240 1317 1324 adaquare;⁴

218 1339 468 1424 adaequauimus
493 1349 617 1404 tamen.
660 1344 694 1406 d.
717 1341 786 1420 Qut
810 1344 932 1416 amoris
958 1342 1068 1418 ardor,
1093 1344 1151 1427 qui
1176 1344 1313 1419 stimuli,

218 1461 294 1524 quae
323 1442 426 1518 faces
452 1443 528 1507 illas
551 1443 648 1507 nobis
669 1444 933 1508 acclamationes
956 1444 1188 1528 subjecerunt!
1233 1446 1314 1510 Non

212 1543 331 1622 nostri,
347 1543 474 1618 Caesar,
494 1545 629 1626 ingenii,
647 1545 707 1608 sed
729 1553 797 1610 tuee
819 1547 952 1610 virtutis
966 1550 1166 1630 tuorumque
1181 1549 1315 1612 meiito·

211 1659 283 1707 rum
309 1663 407 1708 uoces
432 1645 589 1726 fuerunt;
609 1667 694 1730 quas
716 1647 808 1714 nulla
831 1667 978 1730 unquam
1001 1646 1151 1712 adulatio
1175 1650 1312 1729 invenit,

211 1743 325 1808 nullus
341 1747 534 1831 cujusquam
548 1749 652 1814 terror
667 1753 847 1833 expressit.
886 1752 918 1814 o.
938 1748 1048 1829 Quem
1064 1749 1114 1814 sic
1126 1751 1311 1840 timuimus,

209 1853 251 1914 ut
261 1845 335 1912 hese
347 1847 571 1931 fingeremus?
587 1871 685 1935 quem
698 1853 748 1917 sio
761 1853 959 1929 amavimus,
971 1858 1010 1914 ut
1020 1852 1095 1914 burc
1106 1850 1312 1916 t'ateremur't

209 1949 319 2013 'Nosti
332 1953 568 2016 necessitatem
584 1955 757 2019 servitutis
769 1951 802 2020 :k
825 1953 960 2038 quando
976 1952 1086 2016 simile
1108 1951 1237 2034 aliquid
1255 1974 1311 2018 au·

211 2049 304 2128 disti,
319 2058 354 2114 et
368 2053 505 2134 quando
520 2054 664 2118 disistit
709 2058 742 2119 7.
767 2056 880 2120 Multa
899 2055 1036 2139 quidem
1051 2054 1227 2136 excogitat
1243 2075 1311 2120 me·

210 2157 287 2234 tus3
310 2153 372 2218 sed
388 2174 465 2237 quse
480 2163 665 2239 appareant
683 2158 823 2240 quaesita
842 2159 885 2222 ab
903 2156 1031 2224 inritis·
1074 2153 1180 2220 Aliud
1195 2157 1311 2222 solici-

210 2256 349 2333 tudinis,
372 2257 466 2322 aliud
490 2261 691 2339 securitatis
714 2261 882 2342 ingenium
904 2265 976 2325 est:
1002 2260 1071 2323 ulia
1092 2258 1238 2323 tristium
1259 2260 1309 2324 in·

210 2358 334 2436 ventio,
360 2353 429 2423 alia
453 2361 689 2444 gaudentium
713 2373 862 2427 trentrum
886 2361 1115 2428 simulationes
1136 2347 1307 2444 expresso·

208 2458 285 2524 rint.
330 2459 469 2524 Habent
487 2479 549 2525 sua
567 2465 670 2528 verba
693 2465 816 2540 miseri,
836 2480 899 2527 sua
922 2465 1023 2528 uerba
1042 2461 1180 2526 felices:
1204 2469 1306 2547 utque

203 2562 277 2647 jam
293 2562 442 2625 maxima
457 2562 577 2628 eudem
592 2566 634 2628 ab
651 2565 800 2648 utrisque
815 2564 979 2636 dicuntur,
998 2562 1098 2626 sliter
1111 2563 1277 2628 dicuntur.

239 2737 254 2779 δ
269 2743 375 2812 Difficile
385 2751 438 2796 erut
449 2753 474 2800 te
484 2749 591 2812 hedure,
599 2753 671 2811 prust
679 2748 826 2812 precationes
837 2746 885 2795 itta
896 2750 945 2796 tues
955 2743 1112 2796 marmure.

667 2901 845 2926 unumne

202 3006 282 3066 ‚codd
297 3023 326 3058 ue
337 3006 567 3056 minimarum—8
585 3005 826 3056 crascuwmtan.
843 3006 988 3067 sijudisism
1004 3007 1108 3066 merem
1128 3007 1172 3058 reri.
1182 3009 1267 3058 Huclr.
1283 3011 1307 3058 si

199 3071 320 3132 judicium
331 3077 463 3120 austrorum
480 3072 624 3122 meaa-u
640 3072 677 3120 Ac
692 3085 748 3120 sune
763 3072 790 3118 ln
800 3071 952 3134 quibusdem
964 3073 1088 3121 codd—5
1107 3073 1217 3123 Quidum
1230 3074 1306 3124 ccdtb

206 3144 234 3185 st
252 3136 313 3186 edd.
323 3137 405 3200 antiq.
416 3136 599 3184 exeusationes
616 3135 781 3196 subjecerunt:
798 3136 875 3184 codd.
886 3135 998 3196 Grrelpb.
1010 3137 1102 3184 Peter.
1114 3141 1141 3185 et
1153 3138 1216 3186 Erre.
1229 3138 1304 3188 Voss.

205 3201 269 3250 itera
281 3199 341 3251 edd.
354 3201 448 3250 Cntsu.
459 3199 521 3251 Ald.
540 3199 648 3261 cuspin.
665 3200 739 3250 dunt.
758 3199 884 3248 Cratand.
904 3199 1004 3261 Grypb.
1021 3199 1139 3248 Sicbard.
1158 3200 1193 3248 Η.
1211 3200 1303 3263 Stepb.

204 3265 291 3316 Lirin.
303 3265 382 3314 Grut.
394 3265 452 3314 Ele.
469 3265 581 3314 Putesu.
599 3263 731 3313 chlraru.
747 3265 831 3313 Bsun.
841 3265 905 3314 Cer.
917 3265 1012 3314 Culter.
1030 3264 1130 3312 Hesra.
1149 3265 1265 3314 Patercl.
1276 3274 1304 3315 ut

206 3331 288 3379 [lesu.
304 3329 481 3378 umlumeticnes
491 3329 697 3388 subiecerat-ti
715 3329 778 3378 Cud.
790 3330 883 3378 Peter.
894 3335 921 3378 et
933 3329 998 3378 Erre.
1011 3327 1088 3378 Voss.
1106 3333 1134 3378 ιιι
1147 3329 1197 3378 lter
1208 3327 1317 3388 fucere-⁴

200 3409 265 3452 ,suun
282 3393 356 3458 Mox,
368 3393 447 3443 codd.
458 3393 541 3442 Liriu.
554 3393 628 3442 Vatt.
644 3393 752 3442 Venett.
770 3393 855 3442 Puris.
866 3394 960 3444 salisb.
975 3393 1071 3443 Pater.
1088 3393 1259 3442 Sebwsrsisn.
1274 3401 1302 3444 et

205 3459 271 3508 Ere.
283 3459 357 3508 Voss.
368 3464 393 3507 et
410 3459 502 3520 quando
517 3457 612 3514 similer
629 3457 697 3507 unde
714 3457 796 3508 Livia.
814 3459 883 3522 conj.
900 3459 1016 3522 ecquando
1031 3458 1127 3516 amita·
1143 3459 1302 3509 Srbrrsrzius

204 3538 266 3571 vero
277 3524 360 3582 malit,
370 3528 397 3571 ut
406 3523 506 3586 quaudo,
517 3524 607 3584 tra-i
626 3522 692 3572 Hac
704 3524 794 3586 verbs,
809 3524 884 3574 Aliud
898 3524 1064 3585 mlieitudiuis,
1084 3523 1179 3572 desunt
1198 3525 1223 3571 in
1242 3523 1302 3576 edd.

199 3587 327 3636 Beroald.
339 3597 367 3636 et
379 3588 470 3636 Catun.
494 3593 578 3638 suestra
589 3601 609 3635 s.
621 3589 777 3649 expresserint
788 3591 811 3636 in
829 3590 896 3638 libro
915 3601 962 3637 suo
973 3589 1110 3638 annotarit
1119 3589 1146 3639 J.
1159 3589 1191 3638 F.
1200 3589 1302 3638 Grono-

204 3653 276 3712 vius;
291 3655 458 3712 centesimo.
475 3653 543 3715 uouj.
554 3653 682 3702 sennan.
699 3653 770 3701 ‘Vix
788 3653 947 3703 commodant
963 3654 1118 3702 sententiam
1130 3667 1162 3699 ex
1176 3653 1301 3714 posterio-

203 3716 274 3766 ribus
286 3716 371 3766 serbis
382 3717 479 3764 elicies.
513 3718 549 3764 At
565 3717 636 3766 uarie
654 3717 697 3766 bic
714 3718 786 3766 locus
802 3718 907 3780 legitur.
940 3716 1094 3776 Beroaldus,
1104 3715 1197 3775 Aldus,
1208 3716 1300 3780 Jrruts,

200 3781 309 3830 Fratres
327 3781 517 3835 vercellenses,
530 3781 679 3842 Rhenanus,
689 3779 841 3836 Ascensius,
853 3782 995 3836 Livineius,
1005 3794 1051 3842 pro
1063 3785 1141 3842 utque,
1151 3780 1241 3828 divisis
1256 3795 1300 3828 vm

202 3846 277 3910 culis,
288 3845 412 3896 exhibent
427 3849 525 3907 utque.
558 3844 700 3907 Gryphius,
720 3843 860 3908 interjecta
876 3859 940 3894 noce
955 3846 1044 3901 eudem,
1060 3844 1098 3894 sic
1111 3844 1190 3907 legit:
1208 3848 1235 3892 ut
1246 3860 1298 3909 quse

693 3988 800 4040 NouAE

234 4088 243 4132 ι
257 4085 370 4136 Priorum
376 4082 520 4150 principum]
532 4085 568 4135 Ut
577 4083 643 4146 Caii,
653 4083 728 4133 clau-
768 4069 826 4136 nam
838 4091 937 4150 partem
947 4089 1068 4134 cruentus
1077 4079 1128 4133 fuit
1138 4083 1232 4135 exitus.
1287 4125 1290 4134 .

197 4165 247 4232 dii,
266 4164 390 4226 Neronis,
401 4162 504 4225 Galba,
516 4161 637 4220 Othonis,
646 4161 729 4212 Vitel·
801 4160 812 4194 ¹⁸
822 4162 895 4211 Nosti
903 4160 1065 4211 msesritaters
1073 4157 1208 4224 seruitutis]
1219 4160 1296 4226 Num,

200 4241 238 4302 lii,
247 4239 512 4308 Domitiani,quorum
522 4237 613 4290 infelix
622 4248 650 4288 et
659 4252 729 4304 mse·
768 4247 799 4302 ut
810 4255 889 4308 supra
900 4241 966 4293 uixit
977 4247 1035 4308 usp.
1044 4240 1240 4292 xurvstvixim
1250 4256 1296 4291 nc·
