3022 4852
652 331 753 444 VITA..
1204 383 1246 448 51

148 547 219 604 tum
236 535 347 602 estatis
362 535 540 600 diversitas
556 553 659 618 passa
672 544 735 608 est,
750 537 947 603 familiarem
963 538 1068 603 fuisse
1079 537 1099 619 ς’
1120 546 1247 622 patrem

149 659 270 723 nempe
284 659 380 702 suum
396 639 526 712 omittit,
542 645 579 699 ut
593 655 662 718 quo
678 637 751 721 jam
767 640 810 702 ab
826 640 884 702 illa
900 640 1050 703 ‘ineunte
1067 643 1180 706 oetate'
1197 643 1247 707 fu·
1346 653 1352 660 '

148 748 224 804 erat
237 741 397 818 orbatus;
419 746 521 822 atque
537 739 738 802 avunculum
752 759 850 802 suurn
870 759 938 804 una
959 759 1035 804 oum
1055 749 1158 806 matre
1181 763 1246 807 me·

150 848 269 917 morat,
285 841 376 923 quod
399 850 436 903 et
452 841 522 924 jam
548 859 569 902 a
594 841 713 904 teneris
727 842 823 906 aunis
838 842 930 925 apud
946 841 1038 906 illum
1054 842 1247 924 adoptionis

144 944 225 1026 jure
242 943 398 1006 vixisset.

192 1045 316 1109 Latum
331 1063 409 1108 vero
421 1043 554 1106 clavum
570 1042 700 1107 Plinius
715 1043 813 1107 simul
829 1063 905 1108 oum
918 1051 994 1128 toga
1009 1046 1108 1124 virili,
1123 1051 1160 1110 ut
1173 1065 1247 1111 mos

149 1139 234 1223 erat,
258 1147 396 1222 sumsit;
418 1144 497 1206 lieet
522 1143 607 1207 hano
633 1163 653 1206 a
677 1150 770 1225 patra
796 1144 970 1228 adoptivo,
993 1148 1141 1231 equestri
1164 1148 1247 1227 viro,

150 1247 330 1330 acceperit
374 1245 517 1309 Fallitur
541 1245 627 1308 enim
654 1245 697 1309 cl.
721 1247 770 1309 vir
791 1245 840 1308 H.
859 1245 904 1310 D.
927 1255 1131 1326 autumans,p
1152 1269 1248 1313 sena·

148 1357 255 1414 torum
272 1348 405 1432 quidem
429 1345 518 1409 filios
538 1345 572 1408 id
594 1349 761 1429 proprium
782 1347 954 1424 habuisse,
967 1355 1007 1412 ut
1028 1369 1106 1412 mox
1128 1371 1149 1414 a
1171 1357 1248 1432 toga

147 1451 238 1516 virili
255 1456 450 1512 ornarentur
464 1447 656 1525 laticlavio;
678 1447 824 1530 reliquos
839 1467 916 1510 vero
929 1448 1131 1514 familiarum
1152 1451 1248 1514 nohi-

148 1550 232 1614 lium
250 1548 491 1620 adolescentes,
506 1567 646 1630 quorum
668 1556 783 1630 patres
805 1568 869 1612 non
891 1549 1035 1614 fuissent
1055 1549 1092 1612 in
1116 1559 1247 1629 senatu,

147 1651 305 1716 militiam
327 1669 424 1712 suam
447 1655 635 1730 equestrem
658 1667 679 1712 a
701 1650 886 1714 cohortium
907 1649 1117 1732 praefecturis
1132 1653 1248 1734 auspi·

148 1757 256 1826 catos,
271 1771 335 1814 nec
350 1750 556 1814 laticlaviam
572 1750 713 1832 proinde
728 1760 857 1815 vestem
877 1752 1025 1816 induisse
1047 1759 1125 1816 ante
1141 1753 1248 1818 tribu-

149 1851 286 1918 natum?
342 1851 392 1915 At
417 1849 625 1925 Suetonius,q
647 1852 681 1912 in
708 1849 795 1914 hanc
816 1865 887 1914 rem
914 1870 935 1915 a
959 1853 1002 1916 el.
1023 1871 1055 1915 v.
1080 1852 1247 1929 laudatus,

148 1954 240 2020 haud
263 1954 312 2016 ita
334 1951 579 2032 intelligendus,
595 1970 635 2015 ao
651 1952 681 2013 si
697 1951 875 2027 denotarit,
891 1950 1080 2036 Augustum
1096 1954 1179 2033 solis
1194 1971 1252 2028 se.

148 2063 298 2120 natorum
313 2055 426 2118 liberis
441 2053 583 2135 primum
604 2055 795 2136 permisisse
809 2055 915 2118 latum
939 2056 1071 2119 clavum
1095 2056 1247 2138 protinus

148 2177 226 2222 cum
249 2165 328 2238 toga
347 2154 435 2218 virili
458 2153 604 2218 induere.
649 2154 739 2219 Nam
763 2157 880 2238 primo,
896 2157 931 2220 id
954 2157 1063 2238 ipsum
1084 2163 1159 2222 ante
1174 2156 1246 2220 Au·

149 2259 237 2341 gusti
253 2257 472 2340 principatum
488 2256 523 2317 in
538 2275 601 2318 usu
617 2256 736 2329 fuisse,
752 2255 849 2320 docet
863 2256 952 2320 idem
974 2265 1091 2322 auctor
1105 2257 1146 2321 de
1166 2259 1243 2341 ipso

148 2359 303 2442 Augusto
315 2359 465 2421 scribens
480 2375 556 2438 cap.
570 2355 623 2418 94.
662 2357 834 2423 ‘Sumenti
850 2359 976 2422 virilem
993 2366 1114 2440 togam,
1131 2360 1246 2425 tunica
1295 2389 1297 2396 ,

148 2461 322 2536 laticlavi,
338 2465 447 2522 resuta
463 2475 508 2544 ext
523 2463 661 2539 utraque
679 2465 782 2539 parte,
794 2459 836 2520 ad
853 2459 957 2539 pedes
971 2458 1115 2524 decidit!
1159 2460 1245 2524 Tum

148 2543 256 2625 tameo
272 2561 304 2622 is
319 2559 451 2622 omnino
473 2561 612 2638 ‘expers
624 2556 719 2620 belli’
741 2568 824 2633 erat,
837 2575 1025 2642 annumque
1037 2561 1149 2624 aetatis
1163 2577 1245 2625 xvr.

150 2663 271 2741 agebat
284 2667 313 2723 τ’
335 2667 372 2722 ut
393 2659 479 2722 male
500 2658 627 2720 divinet
646 2657 881 2736 casaubonus,
899 2657 968 2722 Jul.
991 2660 1159 2725 cesarem
1180 2661 1245 2724 hoc

148 2763 363 2844 peculiariter
377 2761 427 2825 illi
441 2759 631 2823 indulsisse.
679 2759 752 2823 Nec
768 2760 927 2836 seeundo,
942 2761 1009 2823 alia
1025 2766 1096 2824 erat
1111 2760 1245 2824 adoles·

149 2872 281 2926 centum
297 2882 400 2926 causa
415 2863 445 2924 si
460 2863 613 2943 patribus
634 2880 699 2923 nou
720 2861 864 2924 fuissent
878 2861 939 2924 orti
955 2861 1180 2940 senatoribus,
1195 2861 1244 2926 uti

150 2963 305 3040 Ovidius,
327 2985 346 3028 e
369 2964 496 3027 familia
519 2972 649 3028 tanturn
673 2964 820 3045 equestri
843 2964 1015 3052 oriundus,
1039 2965 1164 3029 invicte
1189 2964 1244 3027 de·

148 3073 320 3129 monstrat.
365 3064 401 3127 Is
412 3083 490 3127 oum
505 3063 648 3126 dixisset
664 3063 766 3128 Trist.
783 3081 834 3128 lv.
849 3067 901 3127 10.

350 3173 374 3198 ·‘
389 3165 508 3246 Usque
524 3185 545 3226 a
560 3167 697 3246 proavis
713 3171 805 3227 vetus
826 3164 950 3229 ordinis
967 3165 1086 3242 haeres,

278 3265 358 3330 Non
373 3264 473 3330 modo
496 3263 636 3328 sortuoee
652 3283 785 3328 munere
800 3264 910 3328 faetus
923 3281 1024 3348 eques
1037 3265 1055 3329 :’

148 3367 264 3432 addit:

251 3467 406 3532 ‘Interea
421 3469 523 3533 tacito
537 3487 643 3550 passu
657 3468 847 3532 labentibus
868 3469 963 3532 annis

320 3569 473 3633 Liberior
487 3569 581 3633 fratri
596 3573 718 3645 sumta,
733 3569 878 3654 mihique
892 3578 971 3652 toga
987 3578 1050 3647 est,

277 3671 498 3754 Induiturque
512 3671 658 3734 humeris
674 3690 748 3734 cum
764 3671 835 3734 lato
851 3690 998 3754 purpura
1016 3671 1135 3736 clavo!

148 3771 217 3836 His
232 3772 332 3848 adde,
345 3773 437 3856 quod
453 3774 634 3837 Suetonius
649 3772 690 3835 de
707 3771 921 3854 Vespasiano
935 3772 1046 3854 prodit
1061 3793 1136 3853 cap.
1152 3771 1184 3833 2.

132 3925 138 3935 .
192 3873 279 3940 Mox
294 3874 412 3939 induta
423 3875 512 3938 virili
526 3881 607 3956 toga
618 3874 749 3938 Plinius
764 3873 929 3937 rhetorum
942 3873 1075 3938 scholas
1088 3872 1242 3954 frequen·

180 4117 192 4150 Ρ
209 4107 304 4158 huual.
316 4107 383 4155 Veli.
404 4107 418 4169 t
434 4111 459 4156 9.
471 4120 497 4168 p.
507 4110 550 4156 2⁰.
569 4091 636 4168 til.
648 4119 674 4167 p.
743 4112 755 4145 ‘l
772 4103 802 4153 lrr
816 4103 884 4166 Aug.
896 4119 920 4152 r.
934 4107 974 4152 88.

147 4191 187 4234 25.
200 4188 214 4248 t
227 4189 266 4234 15.
279 4199 304 4247 p.
316 4188 357 4233 ³3.
368 4181 438 4232 Anu.
447 4182 514 4231 Stat.
525 4197 551 4245 p.
562 4185 620 4230 294.
743 4189 753 4214 ¹
769 4181 810 4230 Id.
823 4182 849 4229 iu
860 4180 913 4258 Jrrh
924 4181 992 4254 Cas.
1003 4193 1026 4226 c.
1035 4183 1062 4228 8.
