3100 4854
433 421 481 470 nn
505 421 540 468 c.
562 418 695 468 nnrnro
719 419 878 467 cncrmo
903 419 1091 468 sncunno.
1223 407 1287 472 115

187 567 230 634 G.
255 565 356 632 Plinii
379 563 590 632 Veronensis
615 562 739 628 sororis
763 561 865 633 filius,
891 562 1100 642 Quintiliani,
1123 570 1161 631 ut
1185 566 1227 630 de
1251 587 1287 632 se

185 671 289 754 ipsas
312 674 468 744 testatur,
491 659 691 748 discipulus,
735 663 805 728 Hic
829 685 850 728 a
870 663 985 730 moltis'
1007 673 1123 729 auctor
1142 668 1288 734 creditos

187 778 243 836 est
263 770 341 834 libri
355 769 397 832 de
412 767 506 833 Viris
519 765 728 833 illustribus.
773 766 842 830 Sed
857 767 930 850 ejus
947 767 1081 850 quidem
1098 771 1231 835 nornine
1246 773 1288 836 ab

186 873 282 937 Aldo
306 878 339 936 et
359 871 436 935 aliis
455 869 565 933 editus
579 876 642 934 est.
685 868 738 934 Ac
756 869 908 932 similiter
922 868 990 933 Ms.
1006 870 1205 950 interalios,
1229 874 1289 956 qui

188 973 315 1038 Oxonii
337 979 392 1036 est
414 972 449 1034 in
470 970 677 1035 bibliotheca
698 970 837 1052 collegii
860 969 1021 1054 Corporis
1038 969 1173 1050 Christi,
1189 980 1289 1055 atquo

186 1078 310 1140 iterum
333 1074 369 1137 in
391 1074 533 1155 collegio
557 1073 706 1138 Lincoln.
730 1073 788 1137 ubi
808 1077 840 1136 et
867 1071 934 1137 Ms.
956 1069 1029 1155 ejus
1054 1071 1233 1155 Epistolae,
1257 1088 1290 1140 et

185 1176 345 1241 libellus¹¹
367 1175 398 1239 ei
421 1175 616 1258 praemissus
639 1163 716 1239 cum
739 1175 802 1239 hac
825 1175 1028 1256 epigraphes
1054 1175 1197 1243 ‘Brevis
1219 1178 1291 1244 ani·

185 1277 378 1342 madversio
400 1276 443 1341 de
465 1277 596 1341 duobus
620 1277 742 1340 Pliniis
758 1275 1012 1340 Veronensibus
1031 1279 1222 1344 oratoribus
1244 1301 1289 1344 ex

186 1379 305 1444 multis
326 1380 404 1443 hinc
424 1377 501 1442 inde
523 1378 663 1443 collecta
684 1399 742 1460 par
755 1376 923 1442 Joannem
940 1375 1206 1445 Mansionarium
1221 1382 1290 1446 Va-

186 1481 397 1546 nonensem?
417 1480 548 1564 incipit,
565 1479 691 1544 ‘Plinii
707 1478 797 1543 duo!
841 1478 909 1544 Sed
928 1479 1017 1570 quod
1034 1479 1076 1543 ad
1090 1484 1290 1564 opusculum

188 1585 231 1648 de
244 1583 337 1648 Viris
348 1582 552 1657 illustribus,
563 1582 644 1646 illud
656 1601 732 1646 csse
743 1581 823 1646 Sex.
836 1580 965 1646 Aurelii
973 1581 1127 1648 Victoris
1140 1582 1289 1651 diximus

189 1686 356 1769 superius,
372 1705 448 1750 cum
464 1683 506 1748 de
522 1684 679 1750 Cornelio
695 1683 832 1768 Nepote
848 1704 1033 1766 ageremus.
1079 1686 1223 1753 Videtur
1243 1691 1289 1752 in-

188 1789 286 1851 terim
298 1787 491 1869 scripsisse,
505 1787 622 1850 saltem
636 1786 805 1868 cogitasse
817 1786 860 1849 de
872 1786 1013 1874 historia¹
1025 1788 1209 1854 condenda.
1232 1791 1290 1856 Sic

188 1891 275 1953 enim
297 1889 445 1973 loquitur
468 1888 577 1972 Epist.
594 1905 630 1954 v,
645 1887 678 1952 8.
701 1887 868 1964 ‘Suades
881 1893 920 1951 ut
941 1887 1115 1953 historiam
1132 1892 1290 1968 scribam,
1363 1901 1365 1906 ’

188 1999 224 2054 et
247 1990 369 2055 suades
392 2008 458 2052 non
481 1990 586 2054 solus.
630 1989 734 2054 Multi
757 1990 823 2055 hoc
840 2010 892 2053 me
907 2010 998 2074 saepe
1013 1999 1233 2072 monuerunt3
1258 1991 1291 2058 ei

188 2111 252 2172 ego
278 2091 571 2176 v0103n0nquia
595 2090 768 2155 commode
784 2091 949 2156 facturum
975 2111 1053 2156 esse
1079 2093 1221 2168 conlido,
1238 2092 1297 2186 (id

188 2193 278 2257 enim
293 2200 416 2257 temere
429 2192 557 2271 credas,
567 2185 634 2256 nisi
647 2191 841 2278 expertus)
855 2193 915 2257 sed
926 2195 1007 2277 quia
1022 2193 1101 2258 mihi
1116 2195 1290 2278 pulchrum

188 2293 344 2377 inprimis
365 2293 509 2371 videtur,
526 2313 592 2359 non
614 2295 688 2378 pati
712 2294 877 2369 occidere,
895 2295 1018 2377 quibus
1041 2295 1213 2360 aeternitas
1234 2296 1288 2360 de-

188 2397 317 2474 beatur,
333 2396 539 2478 aliorumque
560 2395 685 2460 samam
710 2417 785 2460 curn
801 2415 863 2460 sua
878 2395 1075 2461 extendere?
1121 2397 1166 2462 Et
1188 2398 1290 2479 paulo

188 2503 287 2582 post:
313 2501 323 2532 ‘
337 2493 396 2561 Mc
420 2517 499 2562 vero
515 2496 557 2562 ad
573 2498 637 2562 hoc
654 2497 799 2562 studium
814 2498 958 2580 impellit
971 2497 1189 2562 domesticum
1207 2517 1290 2580 quo·

189 2599 467 2683 queexemplum.
503 2597 706 2686 Avunculus
718 2618 824 2676 meua,
835 2599 991 2682 idemque
1006 2619 1063 2680 per
1074 2599 1290 2681 adoptionem

187 2706 294 2786 pater,
309 2701 482 2776 historias,
492 2707 525 2764 et
536 2699 673 2781 quidem
686 2698 951 2779 religiosissime,
965 2700 1109 2782 sculpsit.
1147 2700 1290 2764 Invenio

189 2809 303 2868 autem
326 2803 417 2888 apud
439 2803 622 2884 sapientes
643 2799 912 2864 honestissimum
934 2818 1007 2863 esse
1029 2800 1192 2884 majorum
1218 2815 1290 2866 ves*

189 2903 272 2986 tigia
288 2906 394 2988 sequi,
411 2907 441 2969 si
456 2903 556 2967 modo
571 2910 663 2968 recto
680 2902 794 2965 itinere
810 2898 1061 2984 praecesserint?
1103 2901 1188 2967 Item
1211 2912 1292 2988 post

189 3007 323 3090 aliqua:
347 3006 474 3070 ‘Nunc
497 3005 618 3088 cogita,
635 3024 712 3090 quae
735 3005 945 3088 potissimum
966 3011 1120 3086 tempora
1140 3005 1290 3087 aggredi-

190 3125 295 3172 amur.
340 3107 474 3179 Vetera,
496 3114 530 3173 et
560 3107 686 3190 scripta
712 3106 813 3169 atiist
857 3103 984 3169 Parata
1008 3106 1201 3191 inquisiti03
1230 3106 1291 3170 sed

189 3228 329 3292 onerosa
353 3208 502 3273 collatio.
548 3206 680 3271 Intacta
699 3213 734 3268 et
755 3205 867 3268 novat
891 3223 1009 3285 graves
1033 3204 1186 3283 offensae,
1204 3206 1290 3270 levis

189 3307 318 3391 gratia!
373 3310 527 3393 Denique
554 3307 681 3372 claudit
707 3305 893 3390 Epistulam
923 3306 975 3372 his
1001 3307 1134 3370 verbis:
1166 3307 1290 3388 ‘Illud,

189 3417 281 3497 peto,
296 3418 491 3494 praestruas,
507 3410 549 3475 ad
574 3410 665 3494 qnod
689 3409 844 3485 hortaris,
858 3409 1033 3492 eligasque
1052 3405 1291 3489 macarianae

190 3513 283 3591 mihi,
293 3513 365 3602 jam
380 3512 527 3577 scribere
543 3519 673 3596 paratu,
698 3510 897 3576 aliarursus
908 3511 1132 3576 cunctationis
1143 3520 1177 3576 ct
1187 3517 1290 3581 morae

186 3616 281 3698 justa
302 3614 388 3679 ratio
410 3613 589 3678 nascatur·'
634 3613 827 3678 Novocomi
850 3613 968 3695 legitur
983 3613 1156 3696 inscriptio
1172 3614 1290 3698 hujus'·

191 3715 302 3781 modi:
341 3714 408 3779 Ὀ.
440 3714 552 3778 Plinio
575 3714 715 3780 Caecilio
740 3712 919 3786 Secundo:
941 3715 1001 3778 &a
1053 3713 1160 3794 [Vide
1187 3735 1290 3800 supra

191 3827 262 3885 not.
280 3815 318 3898 i]

222 4037 241 4062 ¹¹
258 4030 315 4081 Lib.
328 4045 357 4081 n.
377 4030 453 4096 epist.
466 4034 505 4081 m.
523 4028 555 4081 ad
567 4013 720 4083 Maximum.
789 4027 953 4092 ‘integrum
964 4041 1024 4078 mox
1036 4027 1134 4076 domtus.
1152 4023 1247 4079 mara.

192 4107 286 4158 lisura
