3022 4852
564 387 617 437 su
642 389 856 438 unorounu.
1212 377 1215 386 “
1235 377 1258 440 7

157 536 321 600 libromm
330 535 528 616 apparatum
542 551 586 596 ne
594 531 715 596 frustra
722 531 910 613 collegisse,
924 536 958 596 ot
967 531 1043 598 hino
1056 531 1135 598 indo
1150 552 1260 600 arces·

160 637 294 711 sivisse,
320 633 463 710 viderer,
485 633 718 698 constitueram
740 635 881 718 primum
900 633 1027 698 minore
1041 635 1149 698 forma
1163 635 1261 701 odere

161 735 362 818 Panegyrici
383 734 483 817 hujus
507 740 714 811 contextum,
744 755 899 819 eumque,
927 736 986 798 ubi
1016 735 1148 816 quidem
1174 756 1260 820 opus

163 841 265 914 esset,
282 833 503 912 emendatum,
515 855 624 918 neque
639 836 706 900 nisi
721 836 924 900 brevissimis
938 835 1040 900 Notis
1055 837 1263 918 instructum,

160 939 226 1002 hoc
240 921 370 1001 scilicet
385 937 539 1014 consilio,
552 944 593 1000 ut
606 936 854 1020 quodammodo
876 938 1086 1022 explorarem
1104 937 1261 1004 Virorum

164 1038 367 1103 eruditorum
389 1037 430 1102 do
451 1057 524 1102 meo
542 1039 696 1104 instituto
713 1039 863 1123 judicia3
885 1039 1036 1123 itemque
1058 1045 1097 1103 ut
1119 1040 1263 1123 amplius

166 1267 200 1318 ad
220 1283 261 1318 me
281 1270 315 1318 sit
332 1271 450 1332 allatum,
460 1285 518 1322 cnm
526 1273 580 1335 jam
595 1272 622 1321 iu
639 1285 696 1333 cap.
738 1268 1154 1330 Anteceasoribusceleberrimisr
1172 1267 1265 1333 quibus

165 1356 232 1393 axv.
240 1345 392 1396 illustrando
401 1361 531 1408 versarem
541 1346 697 1396 anteceden-
738 1361 785 1408 pro
797 1351 850 1395 tam
868 1345 960 1407 iuaigui
971 1345 1149 1395 benevolentis
1161 1345 1267 1409 gratias,

166 1428 208 1468 tcs
220 1429 307 1469 tamen
323 1423 377 1484 ejus
394 1423 520 1472 lectiones
532 1424 557 1470 in
569 1427 576 1450 ¹
588 1422 697 1485 Supple·
739 1437 803 1485 quas
814 1435 927 1485 possum,
936 1419 1135 1470 maximaanunc
1143 1434 1200 1483 ago,
1210 1432 1268 1482 per·

167 1503 255 1543 ments
268 1496 394 1546 Notarum
404 1499 562 1562 quarundam
572 1498 697 1550 stVaria·
739 1506 871 1562 petuoque
882 1496 992 1545 habebo.

168 1585 226 1619 rum
237 1573 388 1623 Lectionum
400 1572 408 1594 '
419 1574 529 1638 conjeci.
771 1572 860 1622 Codex
869 1571 1185 1636 Mafluelplrerbytanus,
1193 1570 1268 1634 isque

200 1648 293 1698 Codex
321 1650 374 1699 Ma.
396 1649 608 1714 Salisburgensis,
636 1649 698 1699 item
738 1649 901 1712 chartaceus,
919 1649 962 1712 qul
982 1655 1129 1699 asservatur
1145 1648 1172 1697 iu
1192 1647 1268 1697 Sere-

168 1724 399 1785 membrsnaceus;
416 1726 458 1775 cni
473 1727 500 1775 iu
520 1727 611 1776 eodem
626 1726 699 1775 volu·
739 1726 837 1775 nissimi
849 1726 930 1775 Ducis
949 1726 1269 1790 Brrrnosvico·Guelplrer·

169 1800 240 1849 mine
260 1799 402 1862 praemissae
419 1807 480 1850 suut
491 1801 590 1864 priores
608 1815 699 1849 novem
740 1802 828 1866 bytani
837 1802 1000 1851 Bibliotheca
1008 1803 1185 1866 principall‚iu
1194 1817 1269 1868 quam

168 1875 230 1924 libri
251 1875 425 1938 Epistularum
445 1876 533 1927 Plinii.
567 1876 620 1926 Hic
638 1890 701 1926 vero
741 1891 773 1926 ex
786 1877 865 1927 Gudii
877 1877 947 1926 libris
960 1879 1089 1941 pervenit.
1118 1878 1270 1938 Hujualec-

170 1950 253 1999 codex
273 1964 324 1999 non
341 1951 445 2016 quidem
462 1952 571 2016 aprime
585 1951 701 2014 librario,
741 1953 825 2001 tiones
851 1953 982 2002 variantes
1013 1952 1203 2002 accuratissime
1225 1952 1271 2008 de?

171 2026 217 2076 sed
229 2025 262 2074 ab
274 2026 333 2084 alio,
345 2041 404 2076 cum
422 2028 472 2078 alio
490 2026 581 2077 codice
592 2027 701 2076 collatus
741 2028 863 2092 scriptas,
889 2036 917 2078 et
943 2030 970 2079 in
998 2030 1131 2092 exemplar
1149 2028 1271 2078 editionis

171 2109 230 2162 est3
247 2117 306 2151 cnm
323 2102 471 2168 frequenter
489 2103 516 2152 iu
527 2103 645 2166 margine
657 2117 702 2151 sn·
741 2105 969 2156 Kirclrmaicriaune
993 2105 1097 2167 relatas,
1117 2103 1203 2156 refero
1228 2120 1270 2154 sc·

173 2186 290 2227 notatum
310 2181 353 2235 sit,
364 2180 398 2229 sl.
417 2180 496 2229 aliter
515 2180 614 2241 legere.
639 2180 703 2232 Qui·
742 2187 830 2244 ceptas
852 2182 977 2244 singulari
999 2182 1151 2232 humanitati
1178 2182 1270 2232 Jacobi

174 2253 233 2302 dam
250 2255 394 2305 recentiore
413 2269 501 2319 mann,
512 2263 539 2304 et
551 2255 630 2306 rubro
648 2255 703 2320 qni·
742 2257 914 2320 Burckhardi,
925 2258 1031 2309 illustria
1043 2257 1185 2308 consiliarii
1196 2257 1271 2306 Sere·

175 2330 235 2379 dcm
254 2331 351 2387 colore,
363 2331 389 2381 iu
406 2332 479 2382 calce
495 2330 554 2380 libri
566 2331 704 2395 ascripsit:
741 2334 838 2383 nissimi
858 2334 948 2391 Ducis,
967 2341 994 2386 et
1012 2334 1182 2384 Bibliothecae
1202 2334 1273 2382 Prae·

174 2404 276 2454 ‘Budae
289 2409 362 2456 ltdd.
377 2405 443 2456 Maii
456 2405 508 2455 lt!
518 2413 545 2456 et
556 2413 627 2470 puto,
636 2407 705 2456 lmuc
743 2406 827 2469 iecti;
844 2410 919 2473 cujus
926 2409 980 2471 jam
992 2409 1092 2473 majora
1105 2408 1130 2455 in
1148 2422 1202 2456 rem
1214 2407 1272 2455 lite·

174 2481 269 2546 ipsum,
279 2481 396 2546 quisquis
405 2479 496 2545 fuerit,
507 2482 595 2545 plures
606 2481 706 2530 varisn·
744 2483 836 2533 ruriam
848 2491 940 2535 extant
954 2485 1059 2546 merita,
1075 2498 1149 2548 quam
1162 2489 1189 2532 ut
1205 2496 1273 2532 suro

177 2565 217 2607 tes
233 2559 360 2608 lectiones
377 2572 410 2608 ex
426 2558 476 2608 alio
492 2558 582 2608 codlca
596 2557 708 2622 margini
745 2558 823 2622 digne
836 2560 936 2622 possint
955 2560 1106 2610 collaudari.
1133 2558 1202 2608 Mire
1213 2572 1274 2607 con·

176 2633 334 2697 Panegyrici
347 2634 472 2684 allevissc.
506 2634 620 2698 Appicta
629 2635 707 2684 etism
745 2637 828 2698 spirat
839 2635 881 2684 lric
892 2635 974 2684 codsa
991 2636 1017 2684 in
1032 2634 1148 2697 plurimis
1160 2647 1217 2681 cunr
1230 2647 1273 2682 cc·

177 2717 238 2760 sunt
268 2710 376 2775 alicujus
404 2711 561 2774 possessoris
587 2711 708 2774 insignia,
746 2711 804 2760 dice
815 2710 945 2759 Vaticano
957 2725 982 2759 u.
994 2713 1067 2759 8⁴61.
1091 2709 1200 2757 Fallitur
1213 2722 1274 2756 vero

178 2803 286 2854 quorum
298 2796 399 2840 scutnm
416 2796 590 2838 transversum
606 2788 709 2837 induas
747 2786 787 2834 Cl.
799 2785 948 2847 Longoliua,
962 2783 1046 2849 quiin
1059 2783 1126 2831 notis
1140 2783 1172 2830 ad
1190 2782 1274 2846 Epist.

179 2867 293 2930 aeqrrsles
305 2873 392 2930 partes
404 2865 545 2916 dissectum
557 2871 615 2916 cst:
633 2865 710 2915 iucu·
745 2862 836 2924 Plinii,
847 2876 862 2911 s
873 2861 963 2912 Curtio
984 2860 1078 2921 editas,
1097 2874 1157 2923 pag.
1174 2861 1231 2909 lot.
1249 2865 1275 2908 et

175 2943 222 3007 jus
239 2943 374 3006 superiore
391 2949 476 3006 parte,
493 2949 601 3006 argento
618 2942 711 3005 tincta,
747 2942 806 2988 815.
817 2938 884 2989 lruuc
901 2937 1014 2988 codicem
1028 2943 1102 2985 vocat
1115 2934 1274 2984 membrana·

179 3019 235 3068 Leo
253 3017 331 3068 ruber
343 3018 478 3082 graditur3
495 3019 522 3067 in
535 3026 609 3082 parte
620 3017 708 3068 inieri-
748 3029 833 3065 ccum.

180 3109 235 3154 ore,
247 3109 330 3158 eaque
348 3095 468 3156 cmrnlea,
487 3094 650 3157 conspicitur
661 3084 710 3143 tilt-
782 3089 872 3140 Codex
885 3089 1084 3148 Sclrvaraianna,
1093 3084 1177 3136 forma
1191 3087 1276 3151 quarti

181 3185 225 3228 um
245 3169 393 3231 candidum,
411 3169 479 3218 inter
495 3168 558 3218 duas
568 3171 657 3219 stellas
668 3183 711 3217 au·
749 3165 857 3228 ordinis,
869 3165 940 3228 isque
956 3171 1017 3211 aute
1034 3168 1153 3226 quatuor,
1165 3169 1192 3210 ut
1204 3171 1277 3224 puto,

183 3261 250 3296 reas.
284 3243 713 3308 cuigentineciustgntsfuertnt
750 3242 843 3288 saecula
864 3252 940 3287 maun
963 3237 1046 3286 nitide
1070 3238 1096 3285 in
1123 3236 1279 3285 membranis

182 3321 297 3387 propria,
308 3322 369 3370 milri
381 3336 431 3374 uon
442 3327 554 3371 constat.
580 3320 713 3385 Ceterum,
750 3317 878 3378 scriptum
900 3315 953 3379 qui,
973 3321 1070 3378 praeter
1087 3313 1277 3376 Panegyricum

182 3399 283 3450 codicis
293 3400 367 3464 hujus
384 3400 412 3449 in
427 3413 515 3448 museo
531 3413 588 3448 mco
600 3412 647 3461 per
658 3404 711 3448 tres
751 3391 841 3453 Plinii,
863 3398 964 3439 ceteros
983 3405 1095 3454 quoque,
1113 3404 1176 3452 quos
1195 3388 1278 3438 adlruc

183 3489 284 3525 menaea
307 3474 478 3538 perlustrandi
498 3472 712 3538 describendiqne
750 3468 903 3532 superstites
920 3467 1184 3532 lrsbcnms,vetcrum
1195 3466 1281 3516 Pane-

185 3552 263 3615 copia
274 3551 335 3600 milri
346 3549 419 3600 iacta
435 3558 476 3600 est
492 3564 525 3599 cx
541 3549 664 3612 singulari
675 3550 712 3597 iu·
751 3544 974 3608 gyricosLatiuos,
984 3557 1014 3592 ac
1023 3548 1149 3606 preterea
1159 3543 1281 3592 Oratiun-

185 3628 261 3676 dultn
273 3635 299 3676 et
311 3628 395 3690 gratis
406 3626 624 3677 Reverendissimi
635 3639 714 3690 quon·
752 3621 835 3670 culam
847 3619 925 3668 Metti
935 3619 1052 3678 Voconii,
1060 3618 1151 3667 Tacito
1164 3617 1281 3682 Augusto

119 3721 122 3728 ·
186 3703 245 3754 dam
258 3701 715 3766 CelaisslmiqucArchiepiscopiss·
753 3693 1280 3758 dictem,complectituv;qrremcodirem

185 3777 350 3840 lisburgcuaia
361 3783 389 3826 et
398 3778 426 3828 S.
438 3778 469 3827 R.
479 3778 502 3828 1.
513 3777 654 3840 Principis,
665 3776 716 3826 Le·
754 3772 815 3822 milri
834 3771 982 3836 comparavi
999 3785 1013 3819 e
1034 3769 1196 3818 Bibliotheca
1209 3770 1240 3817 B.
1250 3771 1280 3820 Τ.

186 3858 275 3922 opoldi
287 3855 394 3906 Antonii
406 3855 562 3920 Eleutherii,
580 3855 717 3904 concilian-
753 3851 796 3900 W.
802 3847 934 3898 Antistitis
943 3844 1283 3908 Norimbergeusiumquon·

188 3933 257 3984 ribus
267 3931 369 3996 quidem
387 3932 458 3980 Viris
474 3929 625 3985 illustribus,
637 3931 718 3978 Frau-
756 3926 814 3975 dam
835 3924 932 3987 optime
953 3923 1046 3971 meriti.
1079 3920 1130 3968 Hic
1152 3920 1234 3970 codex
1256 3923 1282 3971 in

188 4011 258 4060 circo
269 4008 395 4070 Joaeplro,
406 4012 434 4056 et
445 4007 584 4056 Francisco
603 4005 718 4054 Christo·
756 4001 872 4065 plurimis
888 4000 1010 4049 convenit
1026 4011 1082 4046 cum
1100 3995 1190 4045 codice
1208 3999 1284 4047 Salis-

189 4085 282 4149 phuro,
295 4081 397 4131 Herziis
409 4080 443 4129 de
455 4078 588 4134 Herzfeld,
601 4079 682 4128 Patre
691 4087 719 4128 ct
756 4075 879 4139 burgensi
889 4092 896 4135 ;
908 4074 956 4122 nisi
967 4072 1034 4137 quod
1042 4071 1115 4134 lrujus
1123 4075 1284 4124 corrections

188 4161 267 4221 Filio,
278 4158 396 4218 utrisque
408 4155 566 4206 consiliariis
577 4153 686 4214 Amicis,
692 4159 720 4201 et
757 4150 930 4199 destituatur.

189 4236 217 4286 in
239 4233 339 4298 inclyta
361 4229 502 4282 Academia
527 4227 721 4292 Salisburgeusi
790 4226 868 4276 Liber
888 4223 1040 4281 Vossianus,
1071 4225 1126 4276 sive
1149 4225 1283 4289 Excerpta
