3050 4842
466 337 518 385 un
542 333 820 387 nsuacrutouu
845 336 980 386 estun.
1210 324 1276 390 397

170 475 305 542 Ιιιιίριιιιιι
323 475 494 540 deprehendi,
512 477 579 527 Sistit
592 475 806 542 fiscannensem
817 477 920 541 uidetur,
937 476 968 542 (i.
980 491 1004 526 e.
1021 478 1143 542 quicquid
1165 479 1278 544 placet)

170 573 263 608 *entere-
294 559 403 608 Scilicet
413 559 439 608 iu
456 565 583 622 questum
595 555 652 606 fisci
664 563 796 621 repertum
809 565 876 620 erat,
887 566 917 608 ut
928 557 1101 620 provinciales
1118 559 1277 610 frtrmeutum
1350 602 1364 608 -

172 636 360 700 ·deeuuranum,
371 638 439 702 quod
451 639 477 688 iu
487 639 580 688 borres
590 637 704 687 Cessatis
716 643 871 688 convectum
883 645 951 699 erat,
961 644 1007 687 aut
1022 639 1134 687 courebi
1150 639 1277 698 debebats

178 719 265 780 pretio
274 719 437 780 praescripto,
447 719 481 767 de
493 733 544 782 quo
555 730 607 767 non
618 717 714 768 licebat
725 719 794 767 inter
805 717 947 768 licitantem
960 723 988 766 et
999 717 1155 768 vendentem
1164 722 1281 785 amplius

178 798 331 860 convenire,
343 813 358 846 a
370 798 481 847 Caesaris
492 797 715 861 procuratoribus,
727 803 774 846 aut
783 796 977 846 redemtoribus
983 797 1161 865 decumarum,
1171 800 1277 864 harpyia

170 878 229 928 illis
247 892 334 928 emere
353 886 519 942 cogerentur,
535 880 615 927 etiam
633 878 677 927 ubi
695 877 895 940 prouincialibus
913 891 965 926 nou
978 893 1042 943 opns
1056 887 1126 929 esset
1136 878 1277 932 frumento.

170 961 274 1012 'Quam‘
284 973 337 1008 rem
353 959 542 1024 quodammodo
559 959 658 1008 indicat
674 960 790 1020 Tacitus,
802 959 828 1008 in
839 959 902 1009 Vita
915 958 1055 1024 Agricolae,
1063 971 1093 1010 'cs
1109 964 1149 1010 19·
1167 960 1212 1009 ubi
1230 962 1276 1024 eit,

177 1039 186 1082 l
198 1032 255 1090 Per
263 1039 403 1090 ludibrium
415 1039 528 1090 assidere
535 1040 630 1090 clausis
641 1039 753 1103 horreis,
760 1048 787 1090 et
799 1053 886 1090 emere
896 1041 965 1092 ultro
974 1039 1113 1097 frumenta,
1122 1054 1153 1090 ac
1163 1041 1277 1090 rendere

177 1121 265 1184 pretio
283 1120 463 1183 cogebantur!
489 1121 559 1185 ¹Ejus
579 1121 682 1184 geuerls
699 1121 856 1184 exemplum,
874 1121 1098 1183 teste.Ciceruue‚
1118 1121 1165 1170 lib.
1182 1135 1228 1170 ιιι.
1250 1120 1276 1171 iu

176 1202 254 1250 lvere.
262 1202 318 1265 jam
332 1202 357 1251 iu
370 1202 507 1264 republica
516 1202 599 1252 libers
612 1201 727 1266 praebuit
737 1202 845 1263 Verres,
861 1209 959 1264 praetor
975 1201 1081 1260 Siciliae.
1094 1209 1123 1251 et
1133 1201 1277 1266 Apronius,⁴

174 1279 344 1330 decumarum
372 1282 513 1332 redemtor.
543 1282 587 1332 Sic
608 1297 667 1345 cap.
689 1285 730 1332 td.
764 1281 921 1345 'Imperet,'
939 1283 1035 1346 inquit.
1053 1281 1277 1345 ‘Agyrinensibus

176 1360 285 1424 Verres,
296 1370 324 1412 ut
339 1361 461 1412 decumas
474 1363 521 1427 ipsi
532 1363 636 1426 publice
646 1363 795 1427 accipiant;
812 1362 930 1427 Apronio
942 1364 1041 1412 lucrum
1059 1362 1144 1412 deut.’-
1173 1363 1209 1412 Et
1219 1377 1276 1426 cup.

177 1445 219 1491 st.
237 1442 410 1506 ‘Liparenses
426 1450 560 1494 vocantur.
595 1443 652 1508 Ipsi
672 1444 790 1507 accipere
806 1443 938 1503 decumas,
956 1449 985 1492 et
1000 1457 1135 1492 numerere
1146 1443 1278 1505 Valentio,

177 1522 331 1581 decumano,
341 1525 553 1587 coguntur,lucri
562 1537 591 1573 u.
599 1539 621 1574 s.
629 1538 700 1575 xxx.
711 1523 810 1574 millia!
832 1525 895 1588 Cap.
904 1529 945 1574 73.
960 1523 1090 1587 ‘Reperio
1098 1537 1179 1586 genus
1187 1523 1277 1586 hujus·

177 1604 247 1653 modi
260 1602 366 1668 predae,
376 1611 405 1654 ut
417 1597 526 1668 pretor,
538 1606 582 1670 qui
601 1604 760 1656 strumentum
772 1619 858 1655 emere
871 1603 994 1668 debebat,
1003 1618 1053 1654 uun
1065 1611 1146 1664 emet,
1158 1602 1203 1652 sed
1214 1615 1276 1652 ven·

177 1684 242 1745 dat,
258 1681 393 1747 pecunius,
413 1697 476 1748 ques
497 1684 649 1736 civitatibus
672 1685 830 1735 distribuere
852 1685 974 1748 debebat,
996 1699 1041 1734 ιιι
1064 1697 1152 1734 omues
1175 1688 1278 1733 avertat

178 1772 258 1827 etque
269 1763 389 1814 auferat!
419 1765 457 1815 Eo
479 1765 564 1828 major
580 1766 669 1830 ltaque
685 1766 741 1815 laus
763 1774 821 1815 erat
843 1765 962 1829 Trsjuni,
978 1779 1029 1830 quo
1047 1767 1203 1828 imperante,
1220 1763 1278 1814 lisci

176 1851 361 1906 procuratores
373 1857 423 1892 nou
435 1843 612 1894 obtundebant
624 1843 825 1907 prouincialibus
836 1845 925 1896 inritis
936 1843 1094 1894 strumentum
1107 1852 1180 1895 certo
1192 1843 1278 1915 pretio

178 1921 335 1984 emendum,
352 1924 398 1972 sed
411 1924 530 1974 sinebant
541 1939 681 1991 quemque,
693 1925 814 1990 quicquid
827 1925 902 1974 albic
918 1939 947 1974 re
964 1939 1024 1974 esse
1035 1925 1169 1976 videretur
1180 1937 1277 1987 emere,

176 2018 209 2052 eo
221 2003 325 2069 quidem
338 2005 433 2067 pretio,
445 2003 477 2052 de
489 2019 541 2068 quo
558 2005 628 2054 inter
646 2005 768 2054 licentem
785 2019 817 2055 ac
833 2005 989 2055 vendentem
1009 2013 1175 2056 convenerat.
1192 2007 1278 2056 Quam

175 2077 253 2134 facile
261 2094 348 2132 eurem
360 2084 464 2133 verbnm
474 2083 540 2134 sinit
549 2085 575 2134 iu
587 2085 655 2135 Emit
666 2087 796 2148 converti,
807 2094 885 2151 atque
896 2089 1030 2151 vocule,c
1041 2103 1077 2148 re,
1088 2094 1196 2150 propter
1208 2086 1279 2152 aimb,

175 2167 215 2230 les
233 2165 323 2213 literas
334 2165 517 2228 subsequentia
528 2165 602 2214 verbi
614 2180 698 2232 emere,
714 2167 847 2216 nlibrario
864 2165 1006 2218 sentinante
1023 2168 1119 2223 omitti,
1134 2172 1162 2216 et
1173 2168 1205 2222 sd
1220 2181 1276 2216 ver·

171 2247 237 2296 ¹burn
255 2247 351 2295 uidetur
369 2245 555 2308 intempestive
575 2247 649 2309 rejici
668 2247 814 2310 potuerint,
826 2262 902 2297 nemo
921 2262 972 2297 nou
987 2247 1069 2298 ridet.
1102 2249 1206 2314 Eximia
1220 2248 1277 2304 irasc

175 2333 219 2394 pst
240 2327 339 2386 lectio;
357 2333 464 2390 propter
485 2340 562 2390 quam
575 2332 662 2376 tamen
680 2327 794 2378 noudum
813 2329 890 2378 velim
910 2343 1014 2378 carrsnru
1027 2330 1142 2393 vulgaris
1159 2329 1278 2386 lectionis

175 2407 281 2458 tuendae
299 2406 430 2459 deserere·
463 2406 548 2456 Sicuti
560 2407 628 2456 eninr
641 2415 710 2457 artes
722 2408 778 2457 fisci
796 2410 975 2472 locrrpletandi
993 2408 1126 2458 subustis
1138 2409 1278 2472 imperato·

176 2487 247 2538 ribus
256 2485 330 2536 fuere
342 2487 432 2543 varie,
449 2487 488 2535 ita
498 2499 549 2534 non
561 2486 645 2536 minus
656 2488 706 2536 buc
719 2487 797 2536 etiam
813 2487 906 2536 referri
923 2494 1028 2551 poterat
1039 2488 1118 2538 erutio
1137 2493 1189 2536 tam
1202 2501 1279 2550 coac·

176 2577 300 2633 iuquam
313 2567 473 2629 imagiuaria.
506 2566 551 2614 Sic
563 2566 618 2628 jam
635 2566 703 2616 idem
714 2567 820 2630 Verres,
837 2568 879 2632 qui
898 2567 1012 2617 obtrusit
1030 2567 1169 2632 aliquando
1182 2568 1220 2617 vel
1237 2569 1278 2636 ln·
1340 2581 1341 2590 ¹

176 2648 238 2698 vitis
254 2647 350 2697 Siculis
369 2645 540 2709 frumentum,
552 2645 639 2709 pretio
658 2649 815 2710 prescripto
832 2646 980 2708 emendum,
992 2652 1020 2696 et
1039 2648 1096 2710 ipse
1113 2645 1205 2697 debuit
1223 2646 1278 2708 fru-¹

176 2737 293 2778 mentum
311 2740 408 2789 emere,
418 2725 487 2790 quod
508 2727 616 2776 Romam
631 2727 767 2788 mitteret,
784 2741 869 2790 eoque
886 2727 990 2776 nomine
1001 2724 1129 2790 publicans
1142 2727 1279 2790 pecuniam

176 2814 317 2870 acceperat
335 2819 367 2856 ex
380 2808 617 2856 senatusconsulto.
651 2805 688 2855 At
700 2806 830 2871 quomodo
842 2805 922 2855 emit?
940 2806 1028 2855 Docet
1045 2805 1071 2853 id
1085 2805 1142 2856 Cic.
1160 2805 1186 2854 in
1199 2807 1279 2859 Verr.

175 2900 222 2937 ιιι.
233 2889 275 2936 lt).
291 2884 499 2947 ‘Frumentum
516 2885 611 2950 inquit,
629 2885 638 2912 ‘
647 2899 734 2935 emere
746 2885 770 2933 in
781 2885 872 2947 Sicilie
888 2884 1086 2936 debuitVerres
1105 2899 1138 2935 ex
1158 2893 1277 2936 senatus·

174 2967 301 3032 consulto,
312 2972 383 3015 etex
393 2966 451 3028 lege
462 2965 633 3028 Terentia,'et
646 2965 735 3014 Cassia
745 2963 926 3014 frumentaria.
935 2997 942 3014 .
951 2998 960 3015 .
970 2998 976 3014 .
985 2965 1063 3014 Hauc
1075 2967 1212 3030 pecuniam
1221 2972 1279 3016 tou·

175 3053 230 3096 tatu
243 3046 331 3096 darem
343 3044 391 3112 tibi
408 3059 440 3092 ex
452 3044 547 3094 erario
558 3043 629 3107 iucpi
648 3052 727 3108 atque
739 3044 886 3105 exbatrsto;
905 3045 992 3093 datam
1003 3033 1036 3113 a'd
1047 3044 1217 3110 frumentum,
1228 3047 1277 3106 buc

175 3131 227 3183 est,
249 3125 282 3175 sd
304 3125 488 3174 necessitatem
499 3126 593 3176 salutis
609 3125 710 3174 etrite
723 3142 731 3186 ς
747 3125 846 3185 datam,
857 3131 886 3174 ut
902 3125 1001 3174 Siculis
1017 3124 1172 3182 aratoribus,
1184 3126 1278 3190 quibua

177 3212 251 3260 tanta
273 3219 351 3254 onera
372 3204 519 3268 reipublice
538 3205 695 3268 imponeret,
713 3204 876 3269 solveretur3
899 3203 946 3254 abs
964 3213 991 3254 te
1007 3205 1046 3272 sic
1065 3201 1202 3254 laceratam
1220 3218 1278 3268 esse

175 3287 246 3344 dico,
257 3292 286 3334 ut
299 3283 394 3347 possim
415 3283 479 3333 illud
500 3283 620 3348 probare,
636 3284 658 3332 si
671 3283 757 3339 velim,
769 3297 871 3340 omnem
891 3292 917 3334 te
937 3285 1002 3333 lianc
1019 3285 1155 3347 pecuniam
1172 3285 1278 3347 domupr

175 3375 247 3432 tuam
259 3362 401 3414 evertisse!
435 3365 470 3414 Et
482 3365 646 3428 paulopost:
660 3363 671 3428 ,⁴
682 3364 715 3413 ln
736 3365 784 3413 bac
797 3365 909 3427 pecunie
927 3364 1042 3428 publico,
1053 3364 1110 3414 baec
1127 3365 1215 3426 ineunt
1227 3364 1278 3419 trie

177 3461 274 3510 genera
285 3445 428 3494 furtorum:
449 3444 577 3506 Primum,
594 3458 652 3493 cum
670 3445 756 3508 posita
771 3451 841 3504 esset
858 3448 969 3508 pecunia
980 3445 1057 3510 apud⁴
1068 3460 1112 3496 eas
1129 3447 1278 3502 societates,

175 3525 245 3582 unde
257 3523 459 3586 eratattributa,
471 3523 538 3572 binis
550 3525 699 3590 centesimis
712 3523 854 3581 foeneratos
863 3531 914 3576 est.
947 3527 1051 3577 Deinde
1062 3529 1199 3590 permultis
1214 3526 1278 3577 ciri·
1382 3521 1383 3526 ’

176 3605 273 3664 tatibus
291 3617 339 3668 pro
359 3602 488 3652 frumento
503 3605 568 3653 nibil
581 3604 661 3654 solvit
679 3606 799 3672 omuino,
826 3606 972 3662 Postremo,
986 3607 1007 3655 si
1024 3609 1067 3656 cui
1078 3608 1176 3660 civitati
1190 3607 1278 3669 soluit,

177 3692 280 3743 tanturn
290 3683 416 3746 detraxit,
433 3691 559 3754 quantum
571 3683 734 3734 commodum
747 3685 815 3745 fuit3
831 3685 906 3748 nulli,
918 3685 986 3749 quud
998 3685 1116 3734 debitum
1128 3691 1179 3746 est,
1191 3683 1281 3756 reddi-¹

178 3765 237 3818 dit!
271 3766 366 3827 Porro,
385 3778 444 3828 cup.
459 3769 500 3813 ib.
517 3762 560 3813 ‘A
579 3765 730 3818 civitatibus
748 3765 884 3832 pecunias,
902 3763 934 3814 ad
952 3764 1088 3814 emendum
1110 3761 1278 3822 frumentum,

178 3846 276 3910 coligit,
287 3853 390 3896 cum‘ex
400 3846 492 3894 aerario
502 3843 654 3908 acceperit!
688 3845 724 3894 Et
732 3859 792 3908 cap.
803 3848 845 3894 78.
857 3845 912 3894 ‘Ex
921 3845 990 3894 oruui
1002 3844 1124 3907 pecunia,
1135 3858 1210 3916 quam
1222 3857 1278 3894 are·

176 3928 278 3980 toribus
289 3928 388 3976 solvere
398 3911 521 3987 debuisti,
529 3925 608 3974 certis
617 3924 763 3974 nominibus
773 3923 941 3974 deductiones
949 3923 1005 3992 deri
1017 3923 1153 3973 solebant:
1166 3923 1282 3992 primum3

177 4021 226 4072 pro
238 4004 419 4070 spectrdone,’
428 4005 458 4070 (i.
469 4004 657 4069 e.-prcbatioue
670 4005 799 4068 pecunias)
815 4012 860 4054 ‘et
871 4004 989 4068 collybo,'
1007 4004 1036 4069 (i.
1049 4019 1072 4054 e.
1084 4001 1277 4068 permutatione

177 4101 339 4144 nummorum
349 4083 369 4149 ;)
386 4085 489 4136 ‘deiude
502 4099 550 4150 pro
565 4085 654 4152 sencio
667 4101 717 4150 quo
738 4086 838 4158 ceratio
848 4085 856 4110 '
868 4085 897 4151 (i.
907 4101 929 4134 e.
941 4086 1035 4148 pretio,
1050 4083 1118 4154 quod
1135 4084 1282 4158 exigebant*

179 4165 273 4216 scriba
283 4180 329 4230 pro
340 4165 463 4229 impensis
474 4164 564 4229 cera).
583 4165 668 4216 ‘Hec
680 4167 765 4216 omnia
777 4180 827 4216 uon
845 4180 930 4216 rerum
942 4173 1082 4229 certarunt,
1092 4165 1137 4215 sed
1149 4163 1277 4216 fururorum
