3088 4848
543 377 826 427 esuneuureue
873 377 897 426 ι.
920 361 973 425 58.
1242 362 1309 426 283

212 525 287 590 ndu·
295 530 446 600 senatus,
461 541 525 586 non
542 521 736 586 consulatus
747 520 846 603 ipset
862 519 921 603 qni
936 517 1002 582 sibi
1014 517 1082 582 tuis
1096 518 1242 584 humeris
1257 525 1308 584 at·

213 626 287 691 tolli
302 631 337 689 et
350 642 527 706 augescere
542 622 683 686 ridetur.
1131 629 1133 632 ·

222 763 227 772 -
257 725 346 789 Ger.
370 715 480 788 avrti.
513 725 545 787 1.
567 722 648 787 Non
668 719 727 788 tek
758 722 800 786 ud
825 722 998 804 exemplar
1026 719 1224 804 ejusaem,
1249 722 1307 802 qni

214 826 379 891 coutinuis
391 825 622 890 consulatibus
636 824 761 888 fecerat
774 824 910 904 longum
926 822 1094 904 quendem
1106 827 1140 885 et
1150 822 1223 884 sine
1238 821 1309 886 dis.

214 924 372 991 erimine¹
395 945 517 991 annum
528 946 546 989 :¹
559 926 612 989 his
627 933 660 990 te
675 926 824 1002 confero,
848 943 936 1006 ques
953 928 1079 987 eertum
1095 929 1160 998 est,
1176 923 1308 1004 quoties

212 1027 373 1092 ‘consules
386 1027 534 1104 fnemnt,
547 1045 614 1091 uon
630 1026 696 1091 sibi
708 1035 729 1062 ¹⁰
751 1025 961 1108 praestitisse.
1006 1024 1038 1088 2.
1063 1023 1143 1086 Erat
1162 1022 1197 1085 in
1213 1041 1309 1086 senne

214 1134 277 1192 tu¹²
312 1127 517 1204 bernonem,
546 1146 623 1191 eum
651 1133 689 1191 tu
718 1127 852 1190 tertium
879 1123 1086 1188 consulatum
1113 1124 1308 1215 recusabas.

214 1227 412 1303 Onerosum,
427 1227 543 1290 neseio
556 1227 661 1309 quid,⁰
682 1225 893 1290 verecundiae
909 1231 977 1288 tuae
993 1242 1178 1288 consensus
1193 1231 1307 1288 noster

213 1327 393 1398 indixerat,
416 1333 455 1391 ut
476 1328 629 1409 princeps
651 1327 752 1390 toties
774 1325 893 1389 consul
911 1343 1003 1410 esses
1018 1325 1154 1408 quoties
1175 1331 1308 1388 senatur

213 1435 304 1492 tuus.
348 1427 467 1491 Nimia
481 1427 646 1491 modestia
659 1427 763 1502 istud,
784 1427 884 1518 etiem
905 1427 1085 1507 privatus,¹
1107 1443 1308 1490 recusassem

214 1529 246 1592 3.
267 1527 324 1592 Au
339 1529 525 1592 consularis
538 1527 602 1614 riri
617 1527 898 1611 triumphalisque
913 1526 1014 1603 lilius,
1026 1545 1101 1590 eum
1114 1526 1213 1590 tertio
1229 1544 1307 1590 eon-

245 1721 259 1756 8
277 1715 385 1766 Nimiam
395 1719 612 1778 mudestaafeisses,
621 1721 643 1770 si
651 1724 689 1771 sel
697 1721 814 1786 priuatus.

215 2003 278 2064 trie,
288 2007 319 2054 nd
329 2007 382 2056 ilios
392 2008 531 2071 respiciebat
542 2010 637 2059 Venet.
649 2016 674 2060 2.
705 2012 741 2061 At
749 2013 804 2062 ibas
813 2012 956 2074 republica,
972 2025 1018 2060 aas
1027 2014 1132 2071 senaim,
1146 2023 1191 2056 scu
1201 2006 1306 2055 consuls·

215 2069 317 2132 tuipse,
326 2065 368 2133 trel
383 2072 459 2121 codd.
475 2075 533 2122 Vat.
544 2077 569 2124 ³.
579 2081 607 2124 et
618 2076 712 2125 venet.
725 2081 748 2126 l.
781 2075 813 2125 ln
830 2075 892 2140 line,
903 2075 980 2126 cedd.
991 2076 1053 2124 Vat.
1063 2078 1088 2122 l.
1106 2081 1133 2122 et
1154 2072 1266 2136 Guelplr.
1283 2073 1307 2120 et

214 2147 338 2192 augescere
349 2137 477 2186 uideretur.

247 2197 315 2246 Cae.
332 2210 413 2248 avers.
447 2201 551 2250 leac
569 2201 670 2252 teVat.
688 2206 713 2251 Β.
741 2203 808 2252 Num
827 2201 1049 2252 tsccdd.Vat.l.
1067 2201 1305 2250 Perisveuettl.
1401 2207 1409 2220 ⁸

215 2264 240 2308 2.
252 2269 280 2308 et
291 2262 384 2310 Patav.
417 2264 492 2322 Mox,
509 2266 574 2314 Exe.
583 2266 657 2314 Voss.
668 2274 697 2314 et
707 2268 766 2315 end.
777 2267 869 2316 Pasas.
881 2266 932 2314 siae
942 2266 1079 2314 discrimine
1089 2267 1207 2321 animane,-
1223 2261 1306 2312 codex

213 2337 276 2372 sere
288 2324 380 2376 Peter.
394 2328 418 2374 in
431 2331 545 2391 margine
563 2330 641 2378 habet
652 2337 748 2379 ann'sm.
782 2330 864 2380 cedd.
885 2330 957 2378 Vatt.
974 2331 998 2380 1.
1016 2333 1042 2378 2.
1060 2333 1084 2378 ³.
1101 2333 1126 2378 4.
1148 2327 1262 2389 Guelph.
1280 2332 1308 2376 et

213 2387 384 2440 Scbararsiau.
405 2393 436 2440 iis
458 2398 482 2441 te
503 2394 612 2453 emperor
628 2399 656 2442 et
674 2395 712 2443 sic
730 2393 772 2444 ed.
785 2394 821 2443 ll.
839 2394 931 2457 steph.
948 2395 974 2442 in
994 2393 1118 2456 margine.
1144 2406 1201 2455 qaus
1217 2395 1307 2440 mrtem

214 2457 259 2520 tlt.
271 2456 375 2516 cesaries
380 2453 477 2514 fuerint
489 2457 547 2506 end.
559 2458 730 2506 Schwareian.
754 2455 959 2515 ccmlcsfaerr'st
971 2458 1050 2504 etiam
1066 2455 1143 2506 cedd.
1154 2456 1227 2503 Vatt.
1240 2458 1262 2500 l.
1279 2457 1306 2502 ².

214 2517 239 2561 3.
251 2520 276 2564 4.
285 2523 313 2565 el
323 2518 486 2581 (helpe-2
502 2521 554 2568 Prn
565 2519 696 2581 indixerat,
712 2519 854 2568 Philomus.
865 2519 948 2568 edidit
958 2520 1094 2568 induxerat.
1125 2521 1133 2546 ⁸
1145 2518 1215 2566 Ante
1228 2531 1304 2564 enea·

213 2577 302 2627 bulum
316 2582 408 2635 Nimis,
420 2581 548 2630 excidisse
560 2583 712 2644 particulam
727 2584 842 2645 cumjarn
853 2583 1003 2632 observarit
1014 2583 1046 2630 P.
1054 2583 1155 2639 Faber3
1176 2580 1307 2642 idemque,

215 2648 285 2691 teste
298 2643 397 2691 Heurn.
407 2643 431 2692 in
442 2659 488 2693 sue
501 2647 567 2694 libre
580 2647 714 2694 annotavit
724 2645 781 2696 Jns.
792 2647 929 2708 Scaliger3
946 2659 1030 2709 neque
1038 2658 1171 2704 negamus,
1187 2643 1229 2691 bic
1249 2657 1308 2704 per·

215 2718 292 2768 quam
304 2707 464 2757 commodum
476 2709 560 2758 lucum
572 2709 616 2758 isti
628 2711 765 2772 particular
777 2723 852 2770 esse;
868 2717 896 2758 at
906 2709 983 2757 silsut
996 2711 1125 2771 terensque
1136 2711 1224 2756 ornnes'
1236 2704 1308 2755 endi-

216 2784 261 2819 ees
272 2769 336 2821 Mss.
347 2772 457 2836 librique
477 2773 605 2836 impressi.
640 2773 678 2822 Ac
698 2772 767 2822 ferte
785 2788 837 2822 noa
853 2773 957 2822 omnino
975 2773 1017 2821 hic
1037 2771 1183 2820 necessarie
1204 2769 1308 2819 catilla

215 2834 362 2896 partiente!
369 2835 539 2886 debuere-2
556 2838 620 2888 cod.
630 2839 723 2889 Pater.
734 2853 787 2886 cam
798 2838 871 2888 tertie
882 2855 904 2887 c.
914 2842 1007 2887 meatur
1016 2837 1121 2888 uscerdit
1127 2853 1137 2894 ;
1154 2835 1213 2886 cad.
1224 2834 1308 2884 Paris.

698 2987 810 3039 Nom

248 3097 260 3132 ¹¹
277 3101 334 3149 Nm
344 3099 379 3164 te]
396 3099 548 3165 Quanquam
560 3101 637 3151 nolim
650 3107 677 3150 te
689 3103 742 3150 Du·
783 3102 834 3149 isse
845 3100 897 3150 dici
909 3105 1006 3163 potest,
1016 3099 1084 3165 qued
1096 3099 1166 3148 inter
1177 3107 1309 3150 repeteres

216 3175 323 3225 miliano
344 3174 462 3233 similem,
489 3177 533 3240 qui
556 3176 742 3239 septemdecim
784 3186 942 3226 censeretur.
976 3177 1071 3225 Errant
1080 3189 1140 3223 vern
1152 3175 1194 3238 qul
1206 3175 1239 3224 de
1248 3175 1309 3224 Vir·=

215 3251 363 3300 ennsnlatus
379 3247 503 3301 erunibus
517 3252 675 3302 execrandos
688 3267 743 3314 ges·
784 3249 1265 3314 ginioRufolncumbuucintelligunt.
1283 3251 1309 3300 ls

215 3327 257 3376 sit.
281 3325 353 3377 Fasti
365 3328 438 3375 Rom.
784 3327 850 3375 enim
864 3326 965 3376 obierat
980 3326 1068 3375 Nersa
1079 3324 1184 3372 tertium
1196 3326 1311 3388 enusula,

251 3401 258 3434 ¹
272 3401 331 3451 Sise
348 3400 497 3465 discrimine]
520 3400 651 3451 Annorum
674 3402 742 3451 euim
784 3402 892 3466 ejusque
911 3403 1038 3451 inlocum
1055 3400 1190 3450 Cornelius
1203 3401 1308 3452 Tacitus

217 3476 356 3525 discrimen
372 3475 405 3526 ab
416 3477 493 3526 variis
512 3477 659 3526 consulibus
670 3483 743 3542 pete·
782 3477 920 3528 historiens
932 3477 1038 3542 insignis
1049 3474 1174 3526 suffectus
1184 3488 1233 3526 est.
1266 3477 1310 3528 lta

217 3552 304 3600 batur.
784 3552 1003 3604 Onut’r.l'anviu.

249 3635 268 3660 ¹
295 3627 350 3674 Nea
374 3625 431 3688 sibi]
458 3627 517 3676 Non
542 3627 662 3677 utilitatis
690 3644 743 3678 suae
814 3637 827 3662 ⁰
844 3631 983 3691 0aercaum,
995 3630 1072 3678 nescio
1089 3628 1162 3691 quid}
1173 3627 1309 3692 timereris·

218 3713 305 3754 cansa,
327 3700 372 3749 sed
389 3699 499 3762 publicae
521 3702 668 3751 consulatus
687 3717 744 3766 ges·
782 3703 951 3766 nequeenim
971 3717 1089 3764 magnum
1106 3717 1170 3751 enus
1187 3702 1311 3752 afferebat·

219 3775 295 3824 sisset
785 3784 829 3826 tur
847 3777 958 3839 principi
976 3777 1134 3838 quantumvis
1153 3777 1309 3840 verecunde,

251 3857 264 3882 ¹
282 3847 344 3896 Erat
353 3846 380 3895 ia
390 3846 484 3908 senata]
503 3846 544 3897 Aa
557 3848 587 3896 C.
598 3848 677 3898 Silius
690 3849 745 3899 lta·
785 3865 843 3900 cum
855 3851 1032 3900 communibus
1043 3851 1153 3898 omnium
1163 3851 1230 3900 retis
1238 3853 1270 3902 ab
1279 3867 1310 3903 ec

216 3927 283 3976 licus
302 3923 388 3985 petita,
400 3924 494 3986 triplici
508 3927 641 3975 consulatu
652 3926 745 3982 claras,
785 3927 975 3992 postulabatur,
984 3934 1013 3975 ut
1023 3940 1098 3990 quem
1107 3927 1209 3976 tertium
1220 3942 1311 3977 consa·

220 4001 263 4066 qui
281 4007 335 4050 tum
350 3998 471 4047 exulabat
482 3997 586 4062 quidem
598 4001 624 4048 in
636 4001 745 4063 Campa·
785 4004 864 4052 laturn
887 4015 953 4051 unrts
979 4017 994 4050 e
1021 4009 1168 4052 senatorum
1195 4005 1311 4068 numeru,

219 4078 272 4140 ula,
284 4083 314 4124 ut
325 4079 435 4138 apparet
444 4087 476 4122 ex
489 4074 566 4123 Plinii
574 4074 659 4138 Epist.
668 4089 711 4126 ιιι.
720 4081 745 4126 t.
786 4092 880 4142 nempe
889 4078 1022 4140 Virginius
1035 4078 1164 4144 gessisset,
1173 4078 1229 4144 ipse
1240 4082 1311 4146 ptiu-

219 4153 266 4203 sed
278 4159 363 4203 tamen
373 4163 405 4200 ee
416 4163 492 4200 seusu
503 4149 529 4198 in
540 4158 631 4201 senatu
641 4157 695 4202 tum
706 4150 746 4202 fn·
787 4168 848 4217 ceps
857 4167 907 4202 uon
920 4159 1060 4202 recusaret.
