3088 4848
524 385 806 440 renueremus,
853 388 878 436 1.
899 374 955 436 75.
1224 372 1293 438 ate

194 536 326 622 quidem
339 536 413 600 baeo
427 535 493 598 fuit
507 537 816 610 commentatorum,
838 531 887 596 rn'
902 537 982 593 ‘nos
994 531 1043 594 sic
1061 538 1207 596 amarent
1220 530 1291 608 Dii,

193 638 365 718 quomodo
381 645 417 700 tu
428 635 456 697 l’
502 635 609 699 Estne
621 641 746 710 rmum,
761 634 856 716 qnod
869 633 954 696 inter
971 633 1038 696 iste
1052 632 1290 700 clamavimuer

194 737 245 801 ι0
260 758 321 800 nos
336 735 480 801 selieoal’
524 733 616 814 Quia
631 737 719 799 enirn
734 737 865 800 felicius
880 734 988 807 nobis,
1005 734 1127 817 quibus
1141 752 1207 797 non
1219 735 1291 818 jam

191 839 275 902 illod
290 837 472 920 optandum
488 845 550 911 est,
565 844 605 901 ut
616 857 678 901 nos
692 837 809 920 diligat
824 839 998 920 princepe;
1021 835 1081 900 sed
1094 833 1164 910 Dii,
1179 855 1292 919 quem-

192 939 372 1004 admodum
390 939 572 1022 princeps?
616 943 649 1004 5.
671 939 802 1004 (linitas
824 939 1035 1020 religionibus
1057 937 1184 1012 dedito,
1207 957 1292 1002 serm

190 1061 316 1126 perque
346 1043 494 1106 Deorum
518 1041 754 1124 indulgentiam
779 1042 836 1122 pie
865 1036 1002 1114 merita‚¹
1032 1039 1113 1102 nihil
1135 1038 1292 1104 felicitati

192 1163 263 1208 ouae
281 1149 372 1224 potat
386 1143 492 1208 astrui
508 1162 625 1225 posse,
641 1143 706 1207 nisi
721 1148 759 1206 ut
773 1143 832 1207 Dii
850 1142 1018 1206 Caesarem
1031 1143 1210 1206 imitentur.

236 1245 327 1308 Gur.
348 1261 470 1308 cxxv.
508 1246 539 1307 l.
561 1244 632 1309 Sed
648 1245 727 1326 quid
743 1244 876 1324 singula
891 1251 1078 1320 consector,
1095 1248 1129 1307 et
1143 1243 1294 1325 colliget

193 1343 303 1424 Quasi
319 1364 411 1421 vero,
427 1351 486 1411 aut
501 1349 653 1411 oratione
668 1347 858 1428 complecti,
875 1352 932 1409 aut
945 1346 1107 1411 memorio
1119 1345 1293 1427 consequi,

191 1450 330 1530 possim,
355 1467 433 1530 qnae
454 1467 528 1524 vos,
551 1447 597 1532 P,
612 1446 651 1511 (l.
671 1467 713 1511 ne
732 1467 801 1530 qua
818 1447 1031 1529 interciperet
1052 1445 1194 1520 oblivio,
1209 1453 1243 1508 et
1257 1447 1292 1511 io

190 1550 330 1632 publica
349 1556 455 1616 actam
476 1549 646 1626 mittendo,
670 1557 704 1614 et
724 1549 906 1614 incidenda
926 1550 959 1612 in
982 1569 1059 1623 aere,
1083 1549 1290 1612 censuistisl

190 1651 223 1714 2.
246 1648 348 1730 Ante,
381 1653 549 1715 orationes
577 1653 789 1734 principum¹²
813 1657 942 1715 tantum
973 1650 1141 1734 ejusmodi
1172 1669 1290 1731 genere

191 1757 475 1816 monumentorum
487 1753 637 1818 mandari
651 1753 826 1816 aeternitati
843 1753 1014 1830 solebant3
1029 1751 1292 1816 acclamationes

192 1853 327 1934 quidem
358 1860 480 1918 nostroe
507 1854 694 1937 parietibus
721 1853 849 1918 euriae⁰
885 1853 1144 1917 claudebantur.
1188 1853 1292 1917 Erant

192 1955 290 2027 enim,
314 1954 438 2037 quibus
459 1975 520 2019 nec
543 1964 680 2020 senatus
699 1955 841 2037 gloriari,
862 1974 925 2019 neo
944 1955 1113 2038 princeps,
1137 1961 1294 2037 possent·

191 2056 225 2122 3.
247 2054 324 2120 Has
339 2074 417 2119 vero
436 2056 525 2120 etin
546 2057 668 2140 vulgus
685 2059 792 2135 exire,
812 2065 845 2122 et
859 2057 1007 2142 posteris
1028 2055 1135 2141 prodi,
1157 2074 1231 2123 oum
1245 2075 1291 2120 ex

652 2250 836 2272 eumenen

191 2351 258 2401 Ere.
269 2350 346 2400 Voss.
356 2349 462 2414 principe
473 2351 643 2403 Schwarrian.
656 2367 744 2404 omnes
756 2369 816 2404 vero
827 2353 905 2405 codd.
919 2355 1019 2405 amanti.
1046 2351 1114 2402 Vide
1127 2353 1204 2404 Nott.
1215 2353 1293 2415 Varr.

192 2416 277 2465 Paulo
299 2422 368 2478 pont,
387 2417 446 2465 eod.
469 2418 553 2469 Pario.
573 2419 659 2474 lrabet,
678 2419 825 2481 pariturium
842 2421 910 2480 illud,
929 2424 971 2481 τῖε.
988 2419 1079 2468 orniam
1100 2419 1291 2480 particularem.

191 2481 304 2540 Deinde,
322 2480 411 2542 verba,
421 2483 463 2530 red
478 2481 534 2538 Dii,
545 2497 569 2544 q.
580 2483 647 2544 princ
676 2498 697 2545 r,
708 2483 803 2532 desunt
816 2484 842 2531 in
853 2484 1014 2544 Gnelph.-5
1032 2482 1094 2529 ‘Pie
1105 2482 1203 2544 metita]
1221 2482 1291 2531 Olim

192 2545 288 2608 ubique
303 2543 446 2608 legebatur,
457 2545 498 2608 pie
517 2547 610 2596 metito.
671 2548 749 2594 rimus
765 2547 910 2608 atropicatua
929 2556 971 2596 ert
989 2546 1102 2605 Lipsius,
1120 2546 1260 2594 decurtata
1278 2562 1294 2594 a

192 2609 302 2658 librariis
322 2623 396 2668 voce,
414 2610 453 2672 pie
470 2609 594 2670 cerintum
611 2607 692 2658 sciere
717 2625 765 2673 pro
783 2612 882 2674 pietate.
916 2611 993 2660 Unde
1010 2608 1183 2668 Roxborniue,
1197 2609 1294 2660 Kireh·

192 2675 316 2736 maiorue,
328 2680 356 2722 et
367 2673 495 2722 Cellariue
513 2675 653 2736 pleniorem
664 2689 755 2725 vocem
766 2675 923 2726 acciverunt.
957 2675 1015 2727 Nec
1027 2671 1236 2736 refragabantur.
1248 2673 1295 2738 qui

191 2745 309 2790 veterum
318 2739 481 2786 librariorum
494 2739 647 2800 compendia
658 2738 788 2789 arribondi
799 2740 927 2790 noverint.
961 2738 994 2788 ln
1010 2736 1100 2788 codice
1112 2737 1295 2802 Guelpberby-

192 2809 264 2864 tane,
276 2801 370 2852 omirao
389 2801 513 2850 adverbio
529 2803 580 2866 pie,
593 2804 687 2864 legitur
699 2804 854 2866 memoriae
876 2819 934 2866 qna
953 2817 1003 2854 rox
1022 2803 1078 2854 alne
1094 2803 1175 2852 dubio
1194 2804 1294 2854 coaluit

191 2881 225 2915 ex
236 2866 403 2928 precedente
414 2867 568 2929 compendio
578 2869 636 2930 pire,
647 2868 665 2916 i.
677 2881 702 2918 e.
718 2869 814 2930 pietate.
847 2869 870 2916 Ε
881 2868 971 2918 codice
991 2866 1130 2918 Periaienai
1146 2868 1293 2930 posteriora

192 2932 268 2994 bnjne
279 2932 331 2982 loci
343 2930 424 2980 verba
442 2932 479 2980 aio
492 2931 675 2994 proteruntur:
693 2933 755 2982 nibil
763 2932 894 2990 felicitatie
909 2933 955 2982 ribi
972 2938 1041 2994 putot
1059 2931 1135 2982 nrtrni
1155 2932 1296 2996 potae,i5t.’·

192 2997 324 3046 Sobworn.
357 2996 488 3044 ‘Omnino
508 3012 596 3048 verum
615 3004 666 3058 eet,
679 2997 748 3060 quod
769 2998 911 3048 reservavit
926 2997 1002 3049 nobie
1013 2999 1089 3047 Voce.
1101 2996 1194 3058 codex,
1204 3013 1296 3060 prorae·

191 3061 252 3120 rite,
266 3068 294 3110 ot
315 3060 383 3114 inde,
394 3061 462 3122 qnod
476 3076 522 3122 per
533 3075 647 3110 errorem
659 3061 763 3110 dederit
775 3060 897 3123 Guelpb!
922 3061 1009 3112 Arata.
1043 3061 1112 3112 Vide
1125 3063 1201 3112 Nott.
1214 3062 1294 3114 Varr.

192 3125 266 3184 Mox,
276 3123 408 3184 solicitatis
419 3134 468 3174 ru'oe
485 3125 562 3174 codd.
574 3127 637 3174 Vnt.
648 3129 673 3173 4.
684 3127 791 3176 Venett.
805 3130 827 3176 1.
842 3130 867 3176 2.
884 3126 978 3176 Seliab.
990 3127 1086 3176 Pater.
1097 3132 1125 3176 et
1137 3127 1203 3176 Erro.
1215 3126 1295 3178 Vota·

192 3188 396 3238 undeSelrwarn.
405 3190 474 3252 conj.
486 3189 682 3249 aibitsetiaitntir
689 3196 758 3252 putot
767 3191 846 3242 attriti
853 3205 921 3254 parre
929 3205 987 3240 rue.
1006 3190 1070 3240 Cod-
1081 3189 1165 3238 Pario.
1175 3188 1296 3248 exhibet,

193 3253 388 3310 nihilfelieitntia
397 3253 444 3302 etit
453 3259 522 3317 putot
531 3254 627 3304 nunni
634 3269 711 3314 putre.

228 3317 296 3366 Car.
316 3331 401 3368 nxxv.
435 3318 578 3368 lQnidarn
599 3319 688 3378 legere
708 3318 864 3380 malrrernnt,
884 3323 909 3370 et
927 3317 1053 3368 inridenda
1070 3317 1099 3366 ia
1116 3317 1295 3370 er.—a.ltxc.

193 3375 270 3430 Vota.
287 3382 554 3432 mondureoeternituti.
588 3384 661 3439 Mox,
680 3385 811 3446 particula
830 3384 924 3448 quidem
941 3383 1017 3432 (leont
1034 3383 1060 3430 in
1079 3384 1153 3432 vett.
1169 3386 1195 3432 rt.
1219 3387 1244 3432 4.
1265 3391 1294 3434 et

194 3445 308 3506 Guelph.
341 3447 455 3503 Deinde,
476 3448 551 3498 codd.
571 3449 634 3498 Vat.
651 3452 676 3497 t.
701 3449 823 3499 Perlbet
846 3448 958 3510 Guelph.
980 3462 1022 3498 nee
1040 3447 1161 3510 principer
1179 3453 1274 3512 potami
1283 3463 1294 3507 ,⁸

195 3509 289 3562 salisb.
301 3524 343 3560 aee
352 3512 461 3574 princepe
468 3515 604 3576 ponet-e
622 3510 678 3564 Hor
696 3529 721 3562 a.
736 3519 760 3564 et
779 3514 804 3563 in
817 3512 1003 3575 eingnlnoerrr're
1019 3512 1076 3564 cod.
1086 3513 1180 3564 Potor.
1215 3513 1293 3564 ‘Non

691 3657 799 3710 NO'l'AE

199 3819 202 3826 ,
229 3765 297 3818 ¹Pie
314 3767 412 3831 merito]
429 3768 524 3822 Mirum
542 3769 579 3826 oi,
595 3771 724 3836 ntLipuio
795 3779 809 3804 ¹¹
828 3767 1107 3832 mattmrptnctpnn]
1126 3766 1295 3822 Habitarunt

193 3845 310 3906 ridetur,
327 3847 466 3897 decurtate
484 3861 499 3896 a
519 3847 630 3897 librariis
652 3864 725 3910 voce,
765 3845 933 3910 principibus,
953 3851 998 3894 aut
1016 3860 1031 3893 a
1051 3844 1221 3906 principibus,
1236 3851 1293 3892 nte

189 3923 232 3984 pie
241 3935 288 3984 pro
297 3921 387 3984 pietate
398 3923 531 3985 scripturn.
765 3921 870 3970 Nerone
890 3919 986 3970 factum
1008 3920 1089 3969 videri
1114 3926 1202 3982 potest
1221 3918 1292 3982 apud

227 4005 246 4034 ¹¹¹
262 3999 473 4061 dnpnbdeurte]
492 4000 539 4049 Cui
553 3999 659 4064 qrridear
678 4001 725 4064 rei,
767 3999 890 4049 Dionem.

195 4075 240 4138 quei
252 4083 368 4138 preerat
379 4083 484 4126 uenator
495 4077 502 4104 ‘
512 4077 546 4125 nb
557 4079 624 4130 notia
634 4077 641 4097 ’
653 4077 724 4127 dioe-
796 4081 808 4106 ⁰
819 4073 957 4122 Parietibus
966 4071 1049 4134 eurio]
1066 4071 1125 4120 Non
1137 4069 1294 4124 emanabant

193 4149 280 4206 boner.
313 4151 375 4204 Tac.
387 4151 482 4208 Annab
493 4165 520 4201 r.
537 4152 647 4202 ‘danius
660 4153 726 4202 Run-
765 4155 840 4198 extra
851 4149 959 4213 curium,
969 4148 1013 4200 obi
1023 4144 1149 4210 ejeamodi
1159 4146 1292 4196 orationes

194 4226 263 4274 ticuo
279 4227 464 4288 componendis
483 4234 587 4291 patrum
604 4228 668 4278 actia
679 4228 725 4278 da·
764 4228 932 4278 habebantur.

195 4304 279 4354 lector
290 4303 439 4356 oneraret
