<?xml version="1.0" encoding="UTF-8"?>
<!DOCTYPE html PUBLIC "-//W3C//DTD XHTML 1.0 Transitional//EN"
    "http://www.w3.org/TR/xhtml1/DTD/xhtml1-transitional.dtd">
<html xmlns="http://www.w3.org/1999/xhtml" xml:lang="en" lang="en">
 <head>
  <title>
</title>
<meta http-equiv="Content-Type" content="text/html;charset=utf-8" />
  <meta name='ocr-system' content='tesseract 3.04.00' />
  <meta name='ocr-capabilities' content='ocr_page ocr_carea ocr_par ocr_line ocrx_word'/>
</head>
<body>
  <div class='ocr_page' id='page_1' title='image "./panegyriciveter02baungoog_0122.png"; bbox 0 0 3100 4854; ppageno 0'>
   <div class='ocr_carea' id='block_1_1' title="bbox 406 385 1292 466">
    <p class='ocr_par' dir='ltr' id='par_1_1' title="bbox 406 385 1292 466">
     <span class='ocr_line' id='line_1_1' title="bbox 406 385 1292 466; baseline 0.008 -12"><span class='ocrx_word' id='word_1_1' title='bbox 406 407 456 454; x_wconf 86' lang='lat' dir='ltr'><strong>nn</strong></span> <span class='ocrx_word' id='word_1_2' title='bbox 480 406 513 453; x_wconf 90' lang='lat' dir='ltr'><strong>c.</strong></span> <span class='ocrx_word' id='word_1_3' title='bbox 536 404 668 454; x_wconf 81' lang='lat' dir='ltr'><strong>rururo</strong></span> <span class='ocrx_word' id='word_1_4' title='bbox 692 401 853 453; x_wconf 80' lang='lat' dir='ltr'><strong>nummo</strong></span> <span class='ocrx_word' id='word_1_5' title='bbox 876 404 1067 466; x_wconf 63' lang='lat' dir='ltr'><strong>succubo..</strong></span> <span class='ocrx_word' id='word_1_6' title='bbox 1226 385 1292 462; x_wconf 75' lang='lat'><strong>118</strong></span> 
     </span>
    </p>
   </div>
   <div class='ocr_carea' id='block_1_2' title="bbox 611 621 878 690">
    <p class='ocr_par' dir='ltr' id='par_1_2' title="bbox 611 621 878 690">
     <span class='ocr_line' id='line_1_2' title="bbox 611 621 878 690; baseline -0.007 0"><span class='ocrx_word' id='word_1_7' title='bbox 611 621 706 690; x_wconf 88' lang='lat' dir='ltr'><strong>Idem</strong></span> <span class='ocrx_word' id='word_1_8' title='bbox 722 641 808 690; x_wconf 84' lang='lat' dir='ltr'><strong>vni.</strong></span> <span class='ocrx_word' id='word_1_9' title='bbox 823 625 878 690; x_wconf 90' lang='grc'><strong>10.</strong></span> 
     </span>
    </p>
   </div>
   <div class='ocr_carea' id='block_1_3' title="bbox 191 791 1294 1087">
    <p class='ocr_par' dir='ltr' id='par_1_3' title="bbox 191 791 1294 1087">
     <span class='ocr_line' id='line_1_3' title="bbox 235 791 1294 880; baseline 0 -18"><span class='ocrx_word' id='word_1_10' title='bbox 235 795 275 862; x_wconf 82' lang='lat' dir='ltr'><strong>G.</strong></span> <span class='ocrx_word' id='word_1_11' title='bbox 286 795 419 861; x_wconf 87' lang='lat' dir='ltr'>Plinius</span> <span class='ocrx_word' id='word_1_12' title='bbox 433 816 494 880; x_wconf 91' lang='lat' dir='ltr'><strong>pro</strong></span> <span class='ocrx_word' id='word_1_13' title='bbox 505 795 602 861; x_wconf 87' lang='lat' dir='ltr'><strong>Attia</strong></span> <span class='ocrx_word' id='word_1_14' title='bbox 613 791 769 860; x_wconf 75' lang='lat' dir='ltr'><strong>Viriolak</strong></span> <span class='ocrx_word' id='word_1_15' title='bbox 787 795 863 879; x_wconf 90' lang='lat' dir='ltr'><strong>plus</strong></span> <span class='ocrx_word' id='word_1_16' title='bbox 879 794 996 878; x_wconf 79' lang='lat' dir='ltr'><strong>gloriae</strong></span> <span class='ocrx_word' id='word_1_17' title='bbox 1008 792 1049 858; x_wconf 87' lang='lat' dir='ltr'><strong>de</strong></span> <span class='ocrx_word' id='word_1_18' title='bbox 1065 796 1294 862; x_wconf 78' lang='lat' dir='ltr'><strong>centumvirali</strong></span> 
     </span>
     <span class='ocr_line' id='line_1_4' title="bbox 191 893 1293 986; baseline -0.001 -21"><span class='ocrx_word' id='word_1_19' title='bbox 191 907 355 982; x_wconf 89' lang='lat' dir='ltr'><strong>suggestu</strong></span> <span class='ocrx_word' id='word_1_20' title='bbox 376 897 512 962; x_wconf 87' lang='lat' dir='ltr'><strong>domum</strong></span> <span class='ocrx_word' id='word_1_21' title='bbox 534 899 659 976; x_wconf 88' lang='lat' dir='ltr'><strong>retulit,</strong></span> <span class='ocrx_word' id='word_1_22' title='bbox 673 918 775 982; x_wconf 89' lang='lat' dir='ltr'><strong>quam</strong></span> <span class='ocrx_word' id='word_1_23' title='bbox 799 918 874 964; x_wconf 88' lang='lat' dir='ltr'><strong>curu</strong></span> <span class='ocrx_word' id='word_1_24' title='bbox 896 895 1016 962; x_wconf 86' lang='lat' dir='ltr'><strong>Marco</strong></span> <span class='ocrx_word' id='word_1_25' title='bbox 1032 896 1150 982; x_wconf 88' lang='lat' dir='ltr'><strong>Ulpio,</strong></span> <span class='ocrx_word' id='word_1_26' title='bbox 1166 893 1293 986; x_wconf 66' lang='lat' dir='ltr'><strong>incomss</strong></span> 
     </span>
     <span class='ocr_line' id='line_1_5' title="bbox 192 995 1177 1087; baseline -0.005 -20"><span class='ocrx_word' id='word_1_27' title='bbox 192 999 339 1087; x_wconf 83' lang='lat' dir='ltr'>parabili</span> <span class='ocrx_word' id='word_1_28' title='bbox 354 998 509 1086; x_wconf 85' lang='lat' dir='ltr'><strong>principi,</strong></span> <span class='ocrx_word' id='word_1_29' title='bbox 524 995 808 1084; x_wconf 87' lang='lat' dir='ltr'><strong>comparabilem¹</strong></span> <span class='ocrx_word' id='word_1_30' title='bbox 823 999 1067 1084; x_wconf 83' lang='lat' dir='ltr'><strong>Panegyricum</strong></span> <span class='ocrx_word' id='word_1_31' title='bbox 1080 999 1177 1066; x_wconf 85' lang='lat' dir='ltr'><strong>dixit.</strong></span> 
     </span>
    </p>
   </div>
   <div class='ocr_carea' id='block_1_4' title="bbox 304 1183 1188 1270">
    <p class='ocr_par' dir='ltr' id='par_1_4' title="bbox 304 1183 1188 1270">
     <span class='ocr_line' id='line_1_6' title="bbox 304 1183 1188 1270; baseline -0.001 -20"><span class='ocrx_word' id='word_1_32' title='bbox 304 1184 460 1250; x_wconf 83' lang='lat' dir='ltr'><strong>Aurelius</strong></span> <span class='ocrx_word' id='word_1_33' title='bbox 476 1183 704 1250; x_wconf 83' lang='lat' dir='ltr'><strong>Cassiodorus</strong></span> <span class='ocrx_word' id='word_1_34' title='bbox 721 1185 755 1250; x_wconf 92' lang='lat' dir='ltr'><strong>in</strong></span> <span class='ocrx_word' id='word_1_35' title='bbox 770 1183 938 1250; x_wconf 81' lang='lat' dir='ltr'><strong>Chronico</strong></span> <span class='ocrx_word' id='word_1_36' title='bbox 954 1185 1015 1250; x_wconf 89' lang='lat' dir='ltr'><strong>sub</strong></span> <span class='ocrx_word' id='word_1_37' title='bbox 1029 1183 1188 1270; x_wconf 85' lang='lat' dir='ltr'><strong>Trajano.</strong></span> 
     </span>
    </p>
   </div>
   <div class='ocr_carea' id='block_1_5' title="bbox 195 1318 1298 1628">
    <p class='ocr_par' dir='ltr' id='par_1_5' title="bbox 195 1318 1298 1628">
     <span class='ocr_line' id='line_1_7' title="bbox 241 1318 1297 1420; baseline 0.004 -22"><span class='ocrx_word' id='word_1_38' title='bbox 241 1318 365 1400; x_wconf 84' lang='lat' dir='ltr'><strong>Celsus</strong></span> <span class='ocrx_word' id='word_1_39' title='bbox 386 1343 420 1400; x_wconf 86' lang='lat' dir='ltr'><strong>et</strong></span> <span class='ocrx_word' id='word_1_40' title='bbox 442 1334 628 1419; x_wconf 87' lang='lat' dir='ltr'><strong>Crispinus.</strong></span> <span class='ocrx_word' id='word_1_41' title='bbox 674 1335 744 1398; x_wconf 91' lang='lat' dir='ltr'><strong>His</strong></span> <span class='ocrx_word' id='word_1_42' title='bbox 765 1333 959 1398; x_wconf 89' lang='lat' dir='ltr'><strong>consulibus</strong></span> <span class='ocrx_word' id='word_1_43' title='bbox 976 1333 1106 1397; x_wconf 84' lang='lat' dir='ltr'><strong>Plinius</strong></span> <span class='ocrx_word' id='word_1_44' title='bbox 1122 1335 1297 1420; x_wconf 66' lang='lat' dir='ltr'><strong>Secundus</strong></span> 
     </span>
     <span class='ocr_line' id='line_1_8' title="bbox 196 1434 1298 1523; baseline 0.004 -21"><span class='ocrx_word' id='word_1_45' title='bbox 196 1436 467 1502; x_wconf 85' lang='lat' dir='ltr'><strong>Novocomensis</strong></span> <span class='ocrx_word' id='word_1_46' title='bbox 490 1445 604 1502; x_wconf 89' lang='lat' dir='ltr'><strong>orator</strong></span> <span class='ocrx_word' id='word_1_47' title='bbox 622 1446 657 1503; x_wconf 93' lang='lat' dir='ltr'><strong>et</strong></span> <span class='ocrx_word' id='word_1_48' title='bbox 671 1438 849 1502; x_wconf 85' lang='lat' dir='ltr'><strong>historicus</strong></span> <span class='ocrx_word' id='word_1_49' title='bbox 868 1434 1011 1520; x_wconf 85' lang='lat' dir='ltr'><strong>insignis</strong></span> <span class='ocrx_word' id='word_1_50' title='bbox 1031 1435 1184 1518; x_wconf 85' lang='lat' dir='ltr'><strong>habetur,</strong></span> <span class='ocrx_word' id='word_1_51' title='bbox 1200 1439 1298 1523; x_wconf 78' lang='lat' dir='ltr'><strong>cujus</strong></span> 
     </span>
     <span class='ocr_line' id='line_1_9' title="bbox 195 1539 746 1628; baseline -0.002 -24"><span class='ocrx_word' id='word_1_52' title='bbox 195 1539 320 1622; x_wconf 90' lang='lat' dir='ltr'><strong>ingenii</strong></span> <span class='ocrx_word' id='word_1_53' title='bbox 336 1540 481 1624; x_wconf 88' lang='lat' dir='ltr'><strong>plurima</strong></span> <span class='ocrx_word' id='word_1_54' title='bbox 496 1559 600 1628; x_wconf 64' lang='lat' dir='ltr'><strong>opere</strong></span> <span class='ocrx_word' id='word_1_55' title='bbox 614 1546 746 1606; x_wconf 84' lang='lat' dir='ltr'><strong>extant.</strong></span> 
     </span>
    </p>
   </div>
   <div class='ocr_carea' id='block_1_6' title="bbox 279 1695 1233 1916">
    <p class='ocr_par' dir='ltr' id='par_1_6' title="bbox 279 1695 1233 1916">
     <span class='ocr_line' id='line_1_10' title="bbox 279 1695 1233 1818; baseline 0.007 -23"><span class='ocrx_word' id='word_1_56' title='bbox 279 1731 325 1796; x_wconf 92' lang='lat' dir='ltr'><strong>D.</strong></span> <span class='ocrx_word' id='word_1_57' title='bbox 342 1730 471 1796; x_wconf 86' lang='lat' dir='ltr'><strong>Erasm.</strong></span> <span class='ocrx_word' id='word_1_58' title='bbox 486 1695 653 1796; x_wconf 75' lang='lat' dir='ltr'><strong>Roterod.</strong></span> <span class='ocrx_word' id='word_1_59' title='bbox 669 1732 703 1797; x_wconf 92' lang='lat' dir='ltr'><strong>in</strong></span> <span class='ocrx_word' id='word_1_60' title='bbox 715 1732 914 1797; x_wconf 85' lang='lat' dir='ltr'><strong>brevissima</strong></span> <span class='ocrx_word' id='word_1_61' title='bbox 929 1737 963 1796; x_wconf 88' lang='lat' dir='ltr'><strong>et</strong></span> <span class='ocrx_word' id='word_1_62' title='bbox 979 1733 1233 1818; x_wconf 85' lang='lat' dir='ltr'><strong>compendiaria</strong></span> 
     </span>
     <span class='ocr_line' id='line_1_11' title="bbox 430 1832 1076 1916; baseline 0 -20"><span class='ocrx_word' id='word_1_63' title='bbox 430 1832 709 1898; x_wconf 85' lang='lat' dir='ltr'><strong>conficiendarum</strong></span> <span class='ocrx_word' id='word_1_64' title='bbox 729 1834 902 1916; x_wconf 80' lang='lat' dir='ltr'><strong>epistolar.</strong></span> <span class='ocrx_word' id='word_1_65' title='bbox 919 1833 1076 1902; x_wconf 83' lang='lat' dir='ltr'><strong>formula.</strong></span> 
     </span>
    </p>
   </div>
   <div class='ocr_carea' id='block_1_7' title="bbox 186 1960 1309 2762">
    <p class='ocr_par' dir='ltr' id='par_1_7' title="bbox 201 1960 1309 2663">
     <span class='ocr_line' id='line_1_12' title="bbox 243 1960 1302 2049; baseline 0.004 -19"><span class='ocrx_word' id='word_1_66' title='bbox 243 1960 330 2030; x_wconf 89' lang='lat' dir='ltr'><strong>Esse</strong></span> <span class='ocrx_word' id='word_1_67' title='bbox 345 1967 432 2030; x_wconf 89' lang='lat' dir='ltr'><strong>euim</strong></span> <span class='ocrx_word' id='word_1_68' title='bbox 447 1967 650 2049; x_wconf 89' lang='lat' dir='ltr'><strong>epistolicus</strong></span> <span class='ocrx_word' id='word_1_69' title='bbox 667 1966 774 2049; x_wconf 85' lang='lat' dir='ltr'><strong>stylus</strong></span> <span class='ocrx_word' id='word_1_70' title='bbox 789 1965 938 2048; x_wconf 85' lang='lat' dir='ltr'><strong>simplex</strong></span> <span class='ocrx_word' id='word_1_71' title='bbox 954 1965 1066 2042; x_wconf 88' lang='lat' dir='ltr'><strong>debet,</strong></span> <span class='ocrx_word' id='word_1_72' title='bbox 1083 1986 1125 2032; x_wconf 89' lang='lat' dir='ltr'><strong>ac</strong></span> <span class='ocrx_word' id='word_1_73' title='bbox 1141 1967 1233 2034; x_wconf 82' lang='lat' dir='ltr'><strong>velut</strong></span> <span class='ocrx_word' id='word_1_74' title='bbox 1247 1989 1302 2034; x_wconf 86' lang='lat' dir='ltr'><strong>ue-</strong></span> 
     </span>
     <span class='ocr_line' id='line_1_13' title="bbox 201 2066 1304 2155; baseline 0.005 -25"><span class='ocrx_word' id='word_1_75' title='bbox 201 2067 491 2150; x_wconf 85' lang='lat' dir='ltr'><strong>gligontiusculus.</strong></span> <span class='ocrx_word' id='word_1_76' title='bbox 536 2067 626 2134; x_wconf 89' lang='lat' dir='ltr'><strong>Nam</strong></span> <span class='ocrx_word' id='word_1_77' title='bbox 656 2076 709 2131; x_wconf 88' lang='lat' dir='ltr'><strong>est</strong></span> <span class='ocrx_word' id='word_1_78' title='bbox 732 2066 889 2150; x_wconf 79' lang='lat' dir='ltr'><strong>quaedam</strong></span> <span class='ocrx_word' id='word_1_79' title='bbox 913 2069 1114 2152; x_wconf 85' lang='lat' dir='ltr'><strong>negligentia</strong></span> <span class='ocrx_word' id='word_1_80' title='bbox 1139 2070 1304 2155; x_wconf 85' lang='lat' dir='ltr'><strong>diligens;</strong></span> 
     </span>
     <span class='ocr_line' id='line_1_14' title="bbox 202 2167 1304 2254; baseline 0.003 -21"><span class='ocrx_word' id='word_1_81' title='bbox 202 2169 363 2252; x_wconf 86' lang='lat' dir='ltr'><strong>exemplo</strong></span> <span class='ocrx_word' id='word_1_82' title='bbox 390 2176 468 2234; x_wconf 88' lang='lat' dir='ltr'><strong>snut</strong></span> <span class='ocrx_word' id='word_1_83' title='bbox 491 2169 593 2234; x_wconf 90' lang='lat' dir='ltr'><strong>Plinii</strong></span> <span class='ocrx_word' id='word_1_84' title='bbox 617 2167 749 2234; x_wconf 70' lang='lat' dir='ltr'><strong>Caecilii</strong></span> <span class='ocrx_word' id='word_1_85' title='bbox 774 2169 952 2253; x_wconf 68' lang='lat' dir='ltr'><strong>Epistola,</strong></span> <span class='ocrx_word' id='word_1_86' title='bbox 975 2177 1098 2250; x_wconf 85' lang='lat' dir='ltr'><strong>acutae,</strong></span> <span class='ocrx_word' id='word_1_87' title='bbox 1123 2173 1304 2254; x_wconf 85' lang='lat' dir='ltr'><strong>elegantes,</strong></span> 
     </span>
     <span class='ocr_line' id='line_1_15' title="bbox 201 2270 1305 2356; baseline 0.003 -20"><span class='ocrx_word' id='word_1_88' title='bbox 201 2289 387 2354; x_wconf 81' lang='lat' dir='ltr'><strong>expressae,</strong></span> <span class='ocrx_word' id='word_1_89' title='bbox 407 2270 443 2334; x_wconf 91' lang='lat' dir='ltr'><strong>in</strong></span> <span class='ocrx_word' id='word_1_90' title='bbox 467 2271 590 2353; x_wconf 91' lang='lat' dir='ltr'><strong>quibus</strong></span> <span class='ocrx_word' id='word_1_91' title='bbox 611 2270 695 2334; x_wconf 92' lang='lat' dir='ltr'><strong>nihil</strong></span> <span class='ocrx_word' id='word_1_92' title='bbox 716 2271 781 2335; x_wconf 92' lang='lat' dir='ltr'><strong>uisi</strong></span> <span class='ocrx_word' id='word_1_93' title='bbox 803 2271 1036 2350; x_wconf 89' lang='lat' dir='ltr'><strong>domesticum,</strong></span> <span class='ocrx_word' id='word_1_94' title='bbox 1058 2274 1305 2356; x_wconf 86' lang='lat' dir='ltr'><strong>quotidianum,</strong></span> 
     </span>
     <span class='ocr_line' id='line_1_16' title="bbox 202 2368 1306 2458; baseline 0.001 -18"><span class='ocrx_word' id='word_1_95' title='bbox 202 2372 263 2440; x_wconf 88' lang='lat' dir='ltr'><strong>sed</strong></span> <span class='ocrx_word' id='word_1_96' title='bbox 278 2372 394 2436; x_wconf 89' lang='lat' dir='ltr'><strong>omnia</strong></span> <span class='ocrx_word' id='word_1_97' title='bbox 405 2378 533 2436; x_wconf 88' lang='lat' dir='ltr'><strong>tantum</strong></span> <span class='ocrx_word' id='word_1_98' title='bbox 548 2368 681 2451; x_wconf 83' lang='lat' dir='ltr'><strong>Latina,</strong></span> <span class='ocrx_word' id='word_1_99' title='bbox 692 2381 788 2438; x_wconf 87' lang='lat' dir='ltr'><strong>casta</strong></span> <span class='ocrx_word' id='word_1_100' title='bbox 803 2378 987 2458; x_wconf 86' lang='lat' dir='ltr'><strong>ornataque</strong></span> <span class='ocrx_word' id='word_1_101' title='bbox 1002 2373 1167 2457; x_wconf 85' lang='lat' dir='ltr'><strong>leguntur.</strong></span> <span class='ocrx_word' id='word_1_102' title='bbox 1205 2375 1306 2450; x_wconf 81' lang='lat' dir='ltr'><strong>Oum-</strong></span> 
     </span>
     <span class='ocr_line' id='line_1_17' title="bbox 202 2473 1309 2560; baseline 0.005 -22"><span class='ocrx_word' id='word_1_103' title='bbox 202 2493 268 2558; x_wconf 89' lang='lat' dir='ltr'><strong>que</strong></span> <span class='ocrx_word' id='word_1_104' title='bbox 291 2473 335 2538; x_wconf 88' lang='lat' dir='ltr'><strong>sit</strong></span> <span class='ocrx_word' id='word_1_105' title='bbox 358 2474 467 2556; x_wconf 88' lang='lat' dir='ltr'><strong>stylus</strong></span> <span class='ocrx_word' id='word_1_106' title='bbox 489 2473 544 2538; x_wconf 89' lang='lat' dir='ltr'><strong>ille</strong></span> <span class='ocrx_word' id='word_1_107' title='bbox 562 2476 669 2538; x_wconf 89' lang='lat' dir='ltr'><strong>multa</strong></span> <span class='ocrx_word' id='word_1_108' title='bbox 689 2483 762 2538; x_wconf 87' lang='lat' dir='ltr'><strong>arto</strong></span> <span class='ocrx_word' id='word_1_109' title='bbox 782 2483 886 2558; x_wconf 85' lang='lat' dir='ltr'><strong>atque</strong></span> <span class='ocrx_word' id='word_1_110' title='bbox 902 2475 1037 2557; x_wconf 88' lang='lat' dir='ltr'><strong>ingenio</strong></span> <span class='ocrx_word' id='word_1_111' title='bbox 1052 2476 1212 2560; x_wconf 88' lang='lat' dir='ltr'><strong>cultuque</strong></span> <span class='ocrx_word' id='word_1_112' title='bbox 1227 2477 1309 2543; x_wconf 90' lang='lat' dir='ltr'><strong>sub·</strong></span> 
     </span>
     <span class='ocr_line' id='line_1_18' title="bbox 204 2576 1307 2663; baseline 0.003 -23"><span class='ocrx_word' id='word_1_113' title='bbox 204 2583 301 2641; x_wconf 86' lang='lat' dir='ltr'><strong>actus</strong></span> <span class='ocrx_word' id='word_1_114' title='bbox 316 2584 352 2641; x_wconf 89' lang='lat' dir='ltr'><strong>et</strong></span> <span class='ocrx_word' id='word_1_115' title='bbox 366 2576 570 2653; x_wconf 87' lang='lat' dir='ltr'><strong>elaboratus,</strong></span> <span class='ocrx_word' id='word_1_116' title='bbox 586 2577 781 2640; x_wconf 84' lang='lat' dir='ltr'><strong>illaboratus</strong></span> <span class='ocrx_word' id='word_1_117' title='bbox 802 2584 916 2641; x_wconf 86' lang='lat' dir='ltr'><strong>tamen</strong></span> <span class='ocrx_word' id='word_1_118' title='bbox 936 2595 1044 2659; x_wconf 86' lang='lat' dir='ltr'><strong>paene,</strong></span> <span class='ocrx_word' id='word_1_119' title='bbox 1059 2578 1189 2642; x_wconf 90' lang='lat' dir='ltr'><strong>subitus</strong></span> <span class='ocrx_word' id='word_1_120' title='bbox 1205 2584 1307 2663; x_wconf 88' lang='lat' dir='ltr'><strong>atque</strong></span> 
     </span>
    </p>

    <p class='ocr_par' dir='ltr' id='par_1_8' title="bbox 186 2676 644 2762">
     <span class='ocr_line' id='line_1_19' title="bbox 186 2676 644 2762; baseline -0.009 -18"><span class='ocrx_word' id='word_1_121' title='bbox 186 2715 189 2720; x_wconf 94' lang='lat'>·</span> <span class='ocrx_word' id='word_1_122' title='bbox 206 2683 486 2762; x_wconf 83' lang='lat' dir='ltr'><strong>extemporaneas</strong></span> <span class='ocrx_word' id='word_1_123' title='bbox 504 2676 644 2743; x_wconf 86' lang='lat' dir='ltr'><strong>ridetur.</strong></span> 
     </span>
    </p>
   </div>
   <div class='ocr_carea' id='block_1_8' title="bbox 436 2819 1063 2938">
    <p class='ocr_par' dir='ltr' id='par_1_9' title="bbox 436 2819 1063 2938">
     <span class='ocr_line' id='line_1_20' title="bbox 436 2819 1063 2938; baseline -0.003 -20"><span class='ocrx_word' id='word_1_124' title='bbox 436 2853 483 2918; x_wconf 90' lang='lat' dir='ltr'><strong>Et</strong></span> <span class='ocrx_word' id='word_1_125' title='bbox 498 2852 580 2919; x_wconf 85' lang='lat' dir='ltr'><strong>alibi</strong></span> <span class='ocrx_word' id='word_1_126' title='bbox 593 2853 635 2917; x_wconf 88' lang='lat' dir='ltr'><strong>de</strong></span> <span class='ocrx_word' id='word_1_127' title='bbox 650 2852 915 2918; x_wconf 87' lang='lat' dir='ltr'><strong>demonstrativo</strong></span> <span class='ocrx_word' id='word_1_128' title='bbox 931 2819 1063 2938; x_wconf 80' lang='lat' dir='ltr'><strong>genere.</strong></span> 
     </span>
    </p>
   </div>
   <div class='ocr_carea' id='block_1_9' title="bbox 206 2988 1310 3174">
    <p class='ocr_par' dir='ltr' id='par_1_10' title="bbox 206 2988 1310 3174">
     <span class='ocr_line' id='line_1_21' title="bbox 249 2988 1310 3090; baseline 0.001 -37"><span class='ocrx_word' id='word_1_129' title='bbox 249 2988 307 3053; x_wconf 85' lang='lat' dir='ltr'><strong>Ad</strong></span> <span class='ocrx_word' id='word_1_130' title='bbox 320 2989 386 3053; x_wconf 89' lang='lat' dir='ltr'><strong>hoc</strong></span> <span class='ocrx_word' id='word_1_131' title='bbox 402 3007 509 3070; x_wconf 89' lang='lat' dir='ltr'><strong>genus</strong></span> <span class='ocrx_word' id='word_1_132' title='bbox 523 2988 706 3053; x_wconf 82' lang='lat' dir='ltr'><strong>referendae</strong></span> <span class='ocrx_word' id='word_1_133' title='bbox 721 2993 797 3052; x_wconf 89' lang='lat' dir='ltr'><strong>sunt</strong></span> <span class='ocrx_word' id='word_1_134' title='bbox 811 2988 990 3072; x_wconf 72' lang='lat' dir='ltr'><strong>Epistola,</strong></span> <span class='ocrx_word' id='word_1_135' title='bbox 1008 3008 1086 3074; x_wconf 84' lang='lat' dir='ltr'><strong>quae</strong></span> <span class='ocrx_word' id='word_1_136' title='bbox 1101 2988 1310 3090; x_wconf 45' lang='lat' dir='ltr'><strong>vel&#39;laudant</strong></span> 
     </span>
     <span class='ocr_line' id='line_1_22' title="bbox 206 3089 1310 3174; baseline -0.003 -19"><span class='ocrx_word' id='word_1_137' title='bbox 206 3090 353 3174; x_wconf 86' lang='lat' dir='ltr'><strong>aliquem</strong></span> <span class='ocrx_word' id='word_1_138' title='bbox 373 3091 429 3155; x_wconf 84' lang='lat' dir='ltr'><strong>rel</strong></span> <span class='ocrx_word' id='word_1_139' title='bbox 447 3090 651 3173; x_wconf 82' lang='lat' dir='ltr'><strong>vituperant.</strong></span> <span class='ocrx_word' id='word_1_140' title='bbox 694 3089 779 3172; x_wconf 90' lang='lat' dir='ltr'><strong>Ejus</strong></span> <span class='ocrx_word' id='word_1_141' title='bbox 801 3092 930 3171; x_wconf 85' lang='lat' dir='ltr'><strong>generis</strong></span> <span class='ocrx_word' id='word_1_142' title='bbox 950 3096 1002 3154; x_wconf 86' lang='lat' dir='ltr'><strong>est</strong></span> <span class='ocrx_word' id='word_1_143' title='bbox 1021 3090 1175 3172; x_wconf 83' lang='lat' dir='ltr'><strong>Epistola</strong></span> <span class='ocrx_word' id='word_1_144' title='bbox 1196 3090 1310 3168; x_wconf 89' lang='lat' dir='ltr'><strong>Plinii,</strong></span> 
     </span>
    </p>
   </div>
   <div class='ocr_carea' id='block_1_10' title="bbox 208 3315 1315 4292">
    <p class='ocr_par' dir='ltr' id='par_1_11' title="bbox 239 3315 1312 3385">
     <span class='ocr_line' id='line_1_23' title="bbox 239 3315 1312 3385; baseline -0.001 -16"><span class='ocrx_word' id='word_1_145' title='bbox 239 3319 252 3352; x_wconf 72' lang='lat'><em>¹</em></span> <span class='ocrx_word' id='word_1_146' title='bbox 269 3318 322 3369; x_wconf 82' lang='lat' dir='ltr'><strong>Alii</strong></span> <span class='ocrx_word' id='word_1_147' title='bbox 333 3321 383 3384; x_wconf 84' lang='lat' dir='ltr'><strong>leg.</strong></span> <span class='ocrx_word' id='word_1_148' title='bbox 392 3317 467 3370; x_wconf 78' lang='lat' dir='ltr'><strong>Accio</strong></span> <span class='ocrx_word' id='word_1_149' title='bbox 482 3318 587 3370; x_wconf 75' lang='lat' dir='ltr'><strong>Variola.</strong></span> <span class='ocrx_word' id='word_1_150' title='bbox 605 3317 704 3366; x_wconf 82' lang='lat' dir='ltr'><strong>Hearu·</strong></span> <span class='ocrx_word' id='word_1_151' title='bbox 779 3315 826 3366; x_wconf 84' lang='lat' dir='ltr'><strong>lite</strong></span> <span class='ocrx_word' id='word_1_152' title='bbox 845 3323 949 3376; x_wconf 86' lang='lat' dir='ltr'><strong>cuncta,</strong></span> <span class='ocrx_word' id='word_1_153' title='bbox 970 3317 1064 3385; x_wconf 88' lang='lat' dir='ltr'><strong>inquit,</strong></span> <span class='ocrx_word' id='word_1_154' title='bbox 1095 3325 1246 3384; x_wconf 83' lang='lat' dir='ltr'><strong>ereptosque</strong></span> <span class='ocrx_word' id='word_1_155' title='bbox 1266 3332 1312 3368; x_wconf 87' lang='lat' dir='ltr'><strong>au·</strong></span> 
     </span>
    </p>

    <p class='ocr_par' dir='ltr' id='par_1_12' title="bbox 208 3392 1315 4292">
     <span class='ocr_line' id='line_1_24' title="bbox 244 3392 1312 3463; baseline -0.002 -17"><span class='ocrx_word' id='word_1_156' title='bbox 244 3393 250 3427; x_wconf 95' lang='lat'>¹</span> <span class='ocrx_word' id='word_1_157' title='bbox 264 3397 295 3446; x_wconf 89' lang='lat' dir='ltr'><strong>ln</strong></span> <span class='ocrx_word' id='word_1_158' title='bbox 305 3397 354 3446; x_wconf 90' lang='lat' dir='ltr'><strong>boc</strong></span> <span class='ocrx_word' id='word_1_159' title='bbox 365 3398 424 3445; x_wconf 88' lang='lat' dir='ltr'><strong>ioco</strong></span> <span class='ocrx_word' id='word_1_160' title='bbox 434 3394 641 3459; x_wconf 75' lang='lat' dir='ltr'><strong>incomparabilem</strong></span> <span class='ocrx_word' id='word_1_161' title='bbox 651 3395 739 3456; x_wconf 83' lang='lat' dir='ltr'><strong>lagen·</strong></span> <span class='ocrx_word' id='word_1_162' title='bbox 780 3392 847 3444; x_wconf 75' lang='lat' dir='ltr'><strong>terte</strong></span> <span class='ocrx_word' id='word_1_163' title='bbox 867 3395 989 3445; x_wconf 62' lang='lat' dir='ltr'><strong>laborm</strong></span> <span class='ocrx_word' id='word_1_164' title='bbox 1018 3397 1071 3446; x_wconf 83' lang='lat' dir='ltr'><strong>Seu</strong></span> <span class='ocrx_word' id='word_1_165' title='bbox 1091 3396 1184 3446; x_wconf 87' lang='lat' dir='ltr'><strong>scribis</strong></span> <span class='ocrx_word' id='word_1_166' title='bbox 1204 3395 1312 3463; x_wconf 78' lang='lat' dir='ltr'><strong>aliquid,</strong></span> 
     </span>
     <span class='ocr_line' id='line_1_25' title="bbox 208 3469 1312 3536; baseline 0.003 -17"><span class='ocrx_word' id='word_1_167' title='bbox 208 3470 269 3521; x_wconf 84' lang='lat' dir='ltr'><strong>dnm</strong></span> <span class='ocrx_word' id='word_1_168' title='bbox 288 3471 410 3524; x_wconf 76' lang='lat' dir='ltr'><strong>ridetnrz</strong></span> <span class='ocrx_word' id='word_1_169' title='bbox 427 3487 476 3522; x_wconf 81' lang='lat' dir='ltr'><strong>nec</strong></span> <span class='ocrx_word' id='word_1_170' title='bbox 489 3481 541 3522; x_wconf 84' lang='lat' dir='ltr'><strong>tarn</strong></span> <span class='ocrx_word' id='word_1_171' title='bbox 555 3478 601 3521; x_wconf 85' lang='lat' dir='ltr'><strong>aut</strong></span> <span class='ocrx_word' id='word_1_172' title='bbox 618 3469 740 3534; x_wconf 87' lang='lat' dir='ltr'><strong>maligne,</strong></span> <span class='ocrx_word' id='word_1_173' title='bbox 781 3483 828 3518; x_wconf 89' lang='lat' dir='ltr'><strong>seu</strong></span> <span class='ocrx_word' id='word_1_174' title='bbox 839 3469 913 3534; x_wconf 75' lang='lat' dir='ltr'><strong>legis,</strong></span> <span class='ocrx_word' id='word_1_175' title='bbox 924 3471 988 3536; x_wconf 88' lang='lat' dir='ltr'><strong>tolli,</strong></span> <span class='ocrx_word' id='word_1_176' title='bbox 1002 3469 1190 3535; x_wconf 69' lang='lat' dir='ltr'><strong>auferrbjube,</strong></span> <span class='ocrx_word' id='word_1_177' title='bbox 1202 3480 1230 3521; x_wconf 85' lang='lat' dir='ltr'><strong>et</strong></span> <span class='ocrx_word' id='word_1_178' title='bbox 1245 3472 1312 3522; x_wconf 85' lang='lat' dir='ltr'><strong>acci·</strong></span> 
     </span>
     <span class='ocr_line' id='line_1_26' title="bbox 209 3545 1313 3613; baseline -0.003 -16"><span class='ocrx_word' id='word_1_179' title='bbox 209 3557 256 3598; x_wconf 83' lang='lat' dir='ltr'><strong>aut</strong></span> <span class='ocrx_word' id='word_1_180' title='bbox 266 3550 395 3612; x_wconf 86' lang='lat' dir='ltr'><strong>imperite,</strong></span> <span class='ocrx_word' id='word_1_181' title='bbox 406 3563 484 3613; x_wconf 88' lang='lat' dir='ltr'><strong>super</strong></span> <span class='ocrx_word' id='word_1_182' title='bbox 494 3549 588 3598; x_wconf 77' lang='lat' dir='ltr'><strong>eximio</strong></span> <span class='ocrx_word' id='word_1_183' title='bbox 599 3548 648 3596; x_wconf 90' lang='lat' dir='ltr'><strong>boc</strong></span> <span class='ocrx_word' id='word_1_184' title='bbox 659 3547 740 3610; x_wconf 87' lang='lat' dir='ltr'><strong>scrip·</strong></span> <span class='ocrx_word' id='word_1_185' title='bbox 781 3559 814 3608; x_wconf 86' lang='lat' dir='ltr'><strong>pe</strong></span> <span class='ocrx_word' id='word_1_186' title='bbox 825 3545 966 3594; x_wconf 87' lang='lat' dir='ltr'><strong>orationem</strong></span> <span class='ocrx_word' id='word_1_187' title='bbox 982 3559 1076 3608; x_wconf 86' lang='lat' dir='ltr'><strong>meam,</strong></span> <span class='ocrx_word' id='word_1_188' title='bbox 1088 3553 1117 3596; x_wconf 86' lang='lat' dir='ltr'><strong>ut</strong></span> <span class='ocrx_word' id='word_1_189' title='bbox 1135 3547 1172 3596; x_wconf 91' lang='lat' dir='ltr'><strong>illi</strong></span> <span class='ocrx_word' id='word_1_190' title='bbox 1184 3561 1263 3608; x_wconf 85' lang='lat' dir='ltr'><strong>arma,</strong></span> <span class='ocrx_word' id='word_1_191' title='bbox 1272 3547 1313 3595; x_wconf 84' lang='lat' dir='ltr'><strong>di-</strong></span> 
     </span>
     <span class='ocr_line' id='line_1_27' title="bbox 209 3617 1314 3686; baseline 0.002 -19"><span class='ocrx_word' id='word_1_192' title='bbox 209 3631 238 3672; x_wconf 83' lang='lat' dir='ltr'><strong>to</strong></span> <span class='ocrx_word' id='word_1_193' title='bbox 247 3623 529 3674; x_wconf 67' lang='lat' dir='ltr'><strong>Sidoninmcenrulsse.</strong></span> <span class='ocrx_word' id='word_1_194' title='bbox 554 3623 660 3674; x_wconf 81' lang='lat' dir='ltr'><strong>Atenim</strong></span> <span class='ocrx_word' id='word_1_195' title='bbox 673 3637 740 3686; x_wconf 75' lang='lat' dir='ltr'><strong>prae·</strong></span> <span class='ocrx_word' id='word_1_196' title='bbox 782 3617 886 3668; x_wconf 66' lang='lat' dir='ltr'><strong>vinam-⁹</strong></span> <span class='ocrx_word' id='word_1_197' title='bbox 903 3619 1045 3670; x_wconf 82' lang='lat' dir='ltr'><strong>Etinfine:</strong></span> <span class='ocrx_word' id='word_1_198' title='bbox 1062 3620 1314 3671; x_wconf 72' lang='lat' dir='ltr'><strong>‘Instlmmasolent</strong></span> 
     </span>
     <span class='ocr_line' id='line_1_28' title="bbox 209 3694 1313 3763; baseline -0.005 -16"><span class='ocrx_word' id='word_1_199' title='bbox 209 3697 345 3748; x_wconf 72' lang='lat' dir='ltr'><strong>fertilium</strong></span> <span class='ocrx_word' id='word_1_200' title='bbox 362 3699 536 3763; x_wconf 82' lang='lat' dir='ltr'><strong>pravariola,</strong></span> <span class='ocrx_word' id='word_1_201' title='bbox 547 3700 614 3748; x_wconf 84' lang='lat' dir='ltr'><strong>sicut</strong></span> <span class='ocrx_word' id='word_1_202' title='bbox 626 3706 653 3747; x_wconf 86' lang='lat' dir='ltr'><strong>et</strong></span> <span class='ocrx_word' id='word_1_203' title='bbox 665 3699 741 3749; x_wconf 83' lang='lat' dir='ltr'><strong>cios·</strong></span> <span class='ocrx_word' id='word_1_204' title='bbox 782 3694 886 3758; x_wconf 83' lang='lat' dir='ltr'><strong>qnidam</strong></span> <span class='ocrx_word' id='word_1_205' title='bbox 909 3707 942 3743; x_wconf 82' lang='lat' dir='ltr'><strong>ex</strong></span> <span class='ocrx_word' id='word_1_206' title='bbox 964 3696 1191 3746; x_wconf 77' lang='lat' dir='ltr'><strong>contubernalibus</strong></span> <span class='ocrx_word' id='word_1_207' title='bbox 1217 3695 1313 3744; x_wconf 84' lang='lat' dir='ltr'><strong>nostris</strong></span> 
     </span>
     <span class='ocr_line' id='line_1_29' title="bbox 210 3771 1314 3838; baseline -0.002 -17"><span class='ocrx_word' id='word_1_208' title='bbox 210 3774 742 3838; x_wconf 80' lang='lat' dir='ltr'><strong>ronisproCluentio,omnibus&#39;aliisrnon</strong></span> <span class='ocrx_word' id='word_1_209' title='bbox 782 3771 929 3820; x_wconf 80' lang='lat' dir='ltr'><strong>existimare</strong></span> <span class='ocrx_word' id='word_1_210' title='bbox 956 3772 1023 3822; x_wconf 79' lang='lat' dir='ltr'><strong>lianc</strong></span> <span class='ocrx_word' id='word_1_211' title='bbox 1044 3774 1197 3836; x_wconf 79' lang='lat' dir='ltr'><strong>orationem,</strong></span> <span class='ocrx_word' id='word_1_212' title='bbox 1218 3773 1314 3820; x_wconf 81' lang='lat' dir='ltr'><strong>iterum</strong></span> 
     </span>
     <span class='ocr_line' id='line_1_30' title="bbox 211 3846 1313 3913; baseline -0.002 -15"><span class='ocrx_word' id='word_1_213' title='bbox 211 3849 308 3913; x_wconf 88' lang='lat' dir='ltr'><strong>eloquii</strong></span> <span class='ocrx_word' id='word_1_214' title='bbox 318 3849 396 3912; x_wconf 86' lang='lat' dir='ltr'><strong>flore,</strong></span> <span class='ocrx_word' id='word_1_215' title='bbox 410 3858 456 3898; x_wconf 88' lang='lat' dir='ltr'><strong>aut</strong></span> <span class='ocrx_word' id='word_1_216' title='bbox 473 3849 630 3910; x_wconf 83' lang='lat' dir='ltr'><strong>acrimonia;</strong></span> <span class='ocrx_word' id='word_1_217' title='bbox 646 3848 692 3897; x_wconf 83' lang='lat' dir='ltr'><strong>sed</strong></span> <span class='ocrx_word' id='word_1_218' title='bbox 705 3849 742 3897; x_wconf 90' lang='lat' dir='ltr'><strong>in·</strong></span> <span class='ocrx_word' id='word_1_219' title='bbox 784 3848 877 3911; x_wconf 85' lang='lat' dir='ltr'><strong>dicem,</strong></span> <span class='ocrx_word' id='word_1_220' title='bbox 889 3853 918 3896; x_wconf 88' lang='lat' dir='ltr'><strong>nt</strong></span> <span class='ocrx_word' id='word_1_221' title='bbox 936 3847 1005 3896; x_wconf 87' lang='lat' dir='ltr'><strong>inter</strong></span> <span class='ocrx_word' id='word_1_222' title='bbox 1019 3863 1089 3898; x_wconf 77' lang='lat' dir='ltr'><strong>ruens</strong></span> <span class='ocrx_word' id='word_1_223' title='bbox 1107 3846 1164 3912; x_wconf 78' lang='grc' dir='ltr'><strong>ὑπὲρ</strong></span> <span class='ocrx_word' id='word_1_224' title='bbox 1175 3850 1313 3910; x_wconf 77' lang='grc' dir='ltr'><strong><em>Κτησιφῶν·</em></strong></span> 
     </span>
     <span class='ocr_line' id='line_1_31' title="bbox 212 3917 1314 3989; baseline 0.001 -16"><span class='ocrx_word' id='word_1_225' title='bbox 212 3925 363 3974; x_wconf 74' lang='lat' dir='ltr'><strong>cantionum</strong></span> <span class='ocrx_word' id='word_1_226' title='bbox 375 3923 539 3983; x_wconf 74' lang='lat' dir='ltr'><strong>difficultate,</strong></span> <span class='ocrx_word' id='word_1_227' title='bbox 556 3931 584 3974; x_wconf 88' lang='lat' dir='ltr'><strong>et</strong></span> <span class='ocrx_word' id='word_1_228' title='bbox 595 3925 657 3989; x_wconf 87' lang='lat' dir='ltr'><strong>quia</strong></span> <span class='ocrx_word' id='word_1_229' title='bbox 666 3925 692 3974; x_wconf 90' lang='lat' dir='ltr'><strong>iu</strong></span> <span class='ocrx_word' id='word_1_230' title='bbox 704 3939 743 3973; x_wconf 84' lang='lat' dir='ltr'><strong>re·</strong></span> <span class='ocrx_word' id='word_1_231' title='bbox 782 3941 826 3974; x_wconf 76' lang='lat' dir='ltr'><strong>aas</strong></span> <span class='ocrx_word' id='word_1_232' title='bbox 836 3921 911 3972; x_wconf 69' lang='lat' dir='ltr'><strong>erse!</strong></span> <span class='ocrx_word' id='word_1_233' title='bbox 924 3917 925 3923; x_wconf 67' lang='grc'>’</span> <span class='ocrx_word' id='word_1_234' title='bbox 938 3923 1052 3973; x_wconf 83' lang='lat' dir='ltr'><strong>Baudins</strong></span> <span class='ocrx_word' id='word_1_235' title='bbox 1070 3923 1215 3988; x_wconf 78' lang='lat' dir='ltr'><strong>refragatur</strong></span> <span class='ocrx_word' id='word_1_236' title='bbox 1225 3926 1314 3974; x_wconf 84' lang='lat' dir='ltr'><strong>incom-</strong></span> 
     </span>
     <span class='ocr_line' id='line_1_32' title="bbox 212 4000 1314 4067; baseline 0.001 -18"><span class='ocrx_word' id='word_1_237' title='bbox 212 4000 261 4050; x_wconf 87' lang='lat' dir='ltr'><strong>bm</strong></span> <span class='ocrx_word' id='word_1_238' title='bbox 284 4003 364 4050; x_wconf 84' lang='lat' dir='ltr'><strong>arctis</strong></span> <span class='ocrx_word' id='word_1_239' title='bbox 387 4001 524 4067; x_wconf 84' lang='lat' dir='ltr'><strong>causisque</strong></span> <span class='ocrx_word' id='word_1_240' title='bbox 545 4003 640 4064; x_wconf 83' lang='lat' dir='ltr'><strong>arduis,</strong></span> <span class='ocrx_word' id='word_1_241' title='bbox 663 4001 742 4065; x_wconf 80' lang='lat' dir='ltr'><strong>inagis</strong></span> <span class='ocrx_word' id='word_1_242' title='bbox 781 4001 911 4064; x_wconf 71' lang='lat' dir='ltr'><strong>parabilem</strong></span> <span class='ocrx_word' id='word_1_243' title='bbox 929 4000 1067 4065; x_wconf 84' lang='lat' dir='ltr'><strong>legendnm</strong></span> <span class='ocrx_word' id='word_1_244' title='bbox 1086 4014 1154 4061; x_wconf 81' lang='lat' dir='ltr'><strong>erse;</strong></span> <span class='ocrx_word' id='word_1_245' title='bbox 1173 4015 1221 4051; x_wconf 86' lang='lat' dir='ltr'><strong>nec</strong></span> <span class='ocrx_word' id='word_1_246' title='bbox 1239 4000 1314 4051; x_wconf 82' lang='lat' dir='ltr'><strong>dubi·</strong></span> 
     </span>
     <span class='ocr_line' id='line_1_33' title="bbox 212 4076 1315 4144; baseline -0.002 -17"><span class='ocrx_word' id='word_1_247' title='bbox 212 4092 292 4140; x_wconf 75' lang='lat' dir='ltr'><strong>ssgax</strong></span> <span class='ocrx_word' id='word_1_248' title='bbox 304 4078 435 4141; x_wconf 82' lang='lat' dir='ltr'><strong>ingenium</strong></span> <span class='ocrx_word' id='word_1_249' title='bbox 447 4080 541 4129; x_wconf 83' lang='lat' dir='ltr'><strong>elucet.</strong></span> <span class='ocrx_word' id='word_1_250' title='bbox 558 4077 648 4144; x_wconf 81' lang='lat' dir='ltr'><strong>Atque</strong></span> <span class='ocrx_word' id='word_1_251' title='bbox 657 4079 690 4128; x_wconf 88' lang='lat' dir='ltr'><strong>de</strong></span> <span class='ocrx_word' id='word_1_252' title='bbox 701 4093 743 4129; x_wconf 86' lang='lat' dir='ltr'><strong>ac·</strong></span> <span class='ocrx_word' id='word_1_253' title='bbox 785 4085 834 4142; x_wconf 86' lang='lat' dir='ltr'><strong>tat,</strong></span> <span class='ocrx_word' id='word_1_254' title='bbox 843 4078 903 4142; x_wconf 85' lang='lat' dir='ltr'><strong>quin</strong></span> <span class='ocrx_word' id='word_1_255' title='bbox 911 4077 1061 4140; x_wconf 85' lang='lat' dir='ltr'><strong>palmarium</strong></span> <span class='ocrx_word' id='word_1_256' title='bbox 1070 4076 1221 4126; x_wconf 83' lang='lat' dir='ltr'><strong>intarPliuii</strong></span> <span class='ocrx_word' id='word_1_257' title='bbox 1232 4077 1315 4142; x_wconf 79' lang='lat' dir='ltr'><strong>scrip·</strong></span> 
     </span>
     <span class='ocr_line' id='line_1_34' title="bbox 213 4152 1315 4218; baseline 0.003 -16"><span class='ocrx_word' id='word_1_258' title='bbox 213 4152 284 4202; x_wconf 88' lang='lat' dir='ltr'><strong>tione</strong></span> <span class='ocrx_word' id='word_1_259' title='bbox 297 4168 344 4217; x_wconf 91' lang='lat' dir='ltr'><strong>pro</strong></span> <span class='ocrx_word' id='word_1_260' title='bbox 352 4153 458 4203; x_wconf 85' lang='lat' dir='ltr'><strong>Variola</strong></span> <span class='ocrx_word' id='word_1_261' title='bbox 467 4155 505 4204; x_wconf 90' lang='lat' dir='ltr'><strong>sic</strong></span> <span class='ocrx_word' id='word_1_262' title='bbox 514 4154 569 4217; x_wconf 85' lang='lat' dir='ltr'><strong>ipse</strong></span> <span class='ocrx_word' id='word_1_263' title='bbox 577 4155 679 4218; x_wconf 85' lang='lat' dir='ltr'><strong>judicat</strong></span> <span class='ocrx_word' id='word_1_264' title='bbox 690 4153 743 4203; x_wconf 91' lang='lat' dir='ltr'><strong>Pli-</strong></span> <span class='ocrx_word' id='word_1_265' title='bbox 785 4162 812 4203; x_wconf 87' lang='lat' dir='ltr'><strong>ta</strong></span> <span class='ocrx_word' id='word_1_266' title='bbox 822 4155 939 4204; x_wconf 85' lang='lat' dir='ltr'><strong>obtineat</strong></span> <span class='ocrx_word' id='word_1_267' title='bbox 948 4152 1126 4218; x_wconf 83' lang='lat' dir='ltr'><strong>Panegyricus</strong></span> <span class='ocrx_word' id='word_1_268' title='bbox 1136 4169 1183 4218; x_wconf 88' lang='lat' dir='ltr'><strong>pro</strong></span> <span class='ocrx_word' id='word_1_269' title='bbox 1193 4154 1315 4218; x_wconf 75' lang='lat' dir='ltr'><strong>Trojano·</strong></span> 
     </span>
     <span class='ocr_line' id='line_1_35' title="bbox 212 4229 881 4292; baseline 0.003 -15"><span class='ocrx_word' id='word_1_270' title='bbox 212 4230 271 4278; x_wconf 88' lang='lat' dir='ltr'><strong>nius</strong></span> <span class='ocrx_word' id='word_1_271' title='bbox 283 4229 332 4292; x_wconf 84' lang='lat' dir='ltr'><strong>Ep.</strong></span> <span class='ocrx_word' id='word_1_272' title='bbox 341 4243 379 4278; x_wconf 86' lang='lat' dir='ltr'><strong>vr.</strong></span> <span class='ocrx_word' id='word_1_273' title='bbox 389 4234 430 4278; x_wconf 78' lang='grc'><strong>33.</strong></span> <span class='ocrx_word' id='word_1_274' title='bbox 441 4229 472 4278; x_wconf 82' lang='lat' dir='ltr'><strong>nd</strong></span> <span class='ocrx_word' id='word_1_275' title='bbox 481 4229 641 4281; x_wconf 79' lang='lat' dir='ltr'><strong>Romanum:</strong></span> <span class='ocrx_word' id='word_1_276' title='bbox 652 4229 674 4258; x_wconf 88' lang='lat'>“</span> <span class='ocrx_word' id='word_1_277' title='bbox 686 4229 743 4278; x_wconf 84' lang='lat' dir='ltr'><strong>Tol·</strong></span> <span class='ocrx_word' id='word_1_278' title='bbox 786 4229 881 4280; x_wconf 75' lang='lat' dir='ltr'><strong>Henna.</strong></span> 
     </span>
    </p>
   </div>
   <div class='ocr_carea' id='block_1_11' title="bbox 280 4309 1249 4384">
    <p class='ocr_par' dir='ltr' id='par_1_13' title="bbox 280 4309 1249 4384">
     <span class='ocr_line' id='line_1_36' title="bbox 280 4309 1249 4384; baseline 0 -26"><span class='ocrx_word' id='word_1_279' title='bbox 280 4311 550 4372; x_wconf 60' lang='lat' dir='ltr'><strong>lamnationem.</strong></span> <span class='ocrx_word' id='word_1_280' title='bbox 689 4311 783 4371; x_wconf 77' lang='lat' dir='ltr'><strong>Poaeg.</strong></span> <span class='ocrx_word' id='word_1_281' title='bbox 800 4311 852 4360; x_wconf 81' lang='lat' dir='ltr'><strong>l&#39;et.</strong></span> <span class='ocrx_word' id='word_1_282' title='bbox 1182 4379 1185 4384; x_wconf 32' lang='grc' dir='ltr'>Ι</span> <span class='ocrx_word' id='word_1_283' title='bbox 1222 4309 1249 4358; x_wconf 85' lang='grc' dir='ltr'>Η</span> 
     </span>
    </p>
   </div>
   <div class='ocr_carea' id='block_1_12' title="bbox 0 0 1586 4854">
    <p class='ocr_par' dir='ltr' id='par_1_14' title="bbox 0 0 1586 4854">
     <span class='ocr_line' id='line_1_37' title="bbox 0 0 1586 4854; baseline 0 0"><span class='ocrx_word' id='word_1_284' title='bbox 0 0 1586 4854; x_wconf 95' lang='lat' dir='ltr'><strong> </strong></span> 
     </span>
    </p>
   </div>
  </div>
 </body>
</html>
