3050 4842
237 364 304 433 tut
563 381 786 435 ecrswsazrt
811 384 1014 440 excussus

238 524 434 594 exprimendum
445 524 547 578 illorum
566 533 712 592 temporum
728 529 894 595 felicitatem,
909 534 931 582 ti
946 547 1004 586 cnm
1016 533 1146 600 prioribus
1161 537 1340 604 compareres·

236 617 293 676 tur,
307 623 366 675 quse
386 608 569 674 designaverat
586 613 679 661 rocula
696 617 760 662 uste.
792 615 837 664 Sic
858 627 938 679 supra
955 630 1013 680 cap.
1033 629 1123 666 xxxv.
1141 617 1220 668 ‘Cum
1241 618 1342 686 iisdem,

235 691 331 758 quibus
343 696 421 741 entes
432 691 551 741 cautibus
564 693 792 746 innocentissimus
808 697 928 761 quisque,
940 705 1004 748 tnnc
1015 699 1215 758 nocentissimus
1225 699 1344 766 effigere·

236 771 298 824 tns.'
329 771 395 823 Post
406 772 498 822 ιιιιιιιιι
519 773 709 838 passionisque
727 776 803 827 sbest
823 793 838 827 s
860 778 995 828 codicibus
1014 779 1120 843 scriptis
1138 787 1167 830 et
1184 780 1342 832 editionibus

234 854 422 917 intempestive
441 853 503 904 crisi
524 869 576 904 non
596 855 711 920 vitiatis3
729 872 779 908 nec
793 858 853 909 ideo
870 871 978 911 necesse
995 869 1045 926 est,
1062 859 1205 919 deiectum,
1216 864 1257 912 tel
1269 863 1343 928 qunti

234 933 379 990 deiectum,
401 935 524 998 supplere
546 935 616 984 insul
637 937 806 1002 repetitione.
846 940 908 989 Non
926 940 994 990 euim
1011 939 1089 991 nobit
1108 957 1140 991 ee
1161 943 1283 994 msudsts
1298 951 1341 994 ιιι

233 1014 379 1082 provincis,
396 1021 425 1064 ut
437 1015 549 1079 optimos
568 1016 646 1066 etlam
665 1018 807 1081 scriptores
826 1033 859 1068 ex
875 1027 967 1070 ncttro
986 1021 1090 1085 iugenio
1107 1029 1135 1074 ct
1151 1025 1244 1074 nostris
1255 1025 1342 1075 serbis

233 1095 306 1164 loqtti
318 1109 451 1160 cogentur.
483 1096 552 1146 Setis
563 1104 614 1156 est,
624 1097 645 1146 si
658 1098 738 1148 licest
747 1113 804 1148 cam
817 1113 906 1150 rocem
918 1115 950 1150 es
962 1097 1125 1165 precedenti
1136 1104 1253 1156 membro
1265 1119 1339 1169 repe·

233 1177 397 1243 tere,qnalis
408 1177 527 1239 exempla
539 1183 566 1228 et
578 1178 648 1242 apnd
660 1180 784 1229 Nostrum
797 1189 824 1230 et
836 1181 905 1244 apud
918 1183 983 1232 ulios
992 1184 1073 1234 multa
1084 1191 1155 1248 tunt,
1167 1194 1196 1235 nt
1208 1186 1342 1236 docuimus

233 1258 267 1308 td
276 1273 336 1323 cap.
348 1271 395 1308 tt.
406 1261 420 1325 ι
433 1263 459 1308 b.
492 1257 556 1308 Pari
568 1259 644 1310 modo
656 1260 737 1311 Plinii
750 1274 853 1313 menum
865 1264 1017 1328 agnovimus
1029 1280 1107 1330 supre
1117 1281 1177 1331 cap.
1188 1280 1253 1317 xxr.
1267 1268 1341 1318 ‘No-

231 1354 279 1391 tct
294 1339 393 1406 sliquos
410 1341 534 1403 bonores,
550 1355 632 1393 nctus
651 1343 924 1406 titulossrnerebarei
942 1346 978 1398 At
999 1354 1029 1397 tu
1050 1348 1130 1398 etiam
1150 1349 1232 1413 petris
1246 1349 1340 1412 patrie

231 1419 397 1472 recussbast'
413 1421 458 1472 ubi
470 1421 525 1496 siue
537 1424 695 1474 necessitate
710 1430 821 1476 ‘nomen
833 1424 840 1449 ’
852 1427 1013 1478 intruserant
1023 1428 1078 1479 elii.
1111 1428 1189 1494 Apud
1201 1429 1340 1482 Boiitlrintn

230 1502 270 1554 ita
288 1501 407 1553 berebet
424 1501 555 1567 libuerint,
573 1503 620 1554 lib.
631 1518 664 1555 ιι.
682 1519 752 1569 prcs.
772 1511 795 1556 ι.
817 1507 892 1557 ‘Nec
914 1506 1092 1559 formidandae
1111 1508 1224 1560 tortose
1245 1511 1339 1575 minas,

230 1597 282 1634 nec
292 1583 454 1649 exoptandas
464 1582 531 1634 iacit
539 1599 597 1634 etse
604 1584 744 1635 blanditias
752 1585 770 1648 ;’
787 1601 867 1651 quare
880 1589 986 1653 proprio
999 1588 1108 1640 consilio
1121 1603 1211 1640 rocem
1224 1591 1341 1654 gemina-

230 1663 287 1722 bat,
298 1671 328 1716 nt
339 1679 443 1715 tensum
455 1665 593 1716 clariorem
604 1663 725 1716 efficeret
738 1667 746 1694 ⁸
758 1665 835 1716 t'orm.
847 1665 912 1718 facit
924 1667 997 1718 fort.’
1008 1667 1099 1718 eadem
1112 1683 1163 1734 qus
1172 1670 1214 1720 lrlc
1225 1670 1341 1722 necessi·

229 1751 298 1796 tate.
331 1746 431 1796 Noster
441 1759 500 1810 cap.
511 1759 576 1795 ιιι.
593 1747 652 1796 ‘'l'u
675 1746 739 1795 niltil
757 1747 918 1818 amplius-ris
930 1748 978 1799 tibi
994 1749 1087 1812 licere,
1097 1762 1175 1816 quarn
1191 1751 1285 1815 nobis;
1301 1752 1339 1802 sic

229 1825 271 1892 dt,
292 1831 323 1877 ut
339 1839 386 1876 nct
406 1825 452 1876 tibi
473 1827 531 1890 plus
548 1825 675 1876 rclimus.'
710 1829 812 1891 Repete
832 1829 859 1878 in
878 1830 969 1880 uitiato
991 1827 1108 1880 membro
1124 1829 1240 1890 ‘licere'
1256 1840 1284 1882 et
1300 1832 1339 1882 ite

229 1921 283 1960 nen
295 1921 405 1959 necesse
413 1907 464 1958 erit
474 1907 538 1957 illud
551 1907 712 1959 interserere
723 1923 757 1957 ex
769 1907 920 1972 conjecturs
930 1910 1050 1962 Lirineii.
1084 1910 1151 1975 Cap.
1163 1923 1252 1962 mss.
1264 1913 1339 1964 'Nec

214 1987 312 2053 -tnsgis
329 1989 386 2039 siue
403 1995 431 2039 te
447 2003 494 2039 nos
511 2003 568 2039 esse
580 1986 682 2053 felices,
699 2004 775 2054 quam
790 1996 818 2039 tu
838 1990 894 2040 sine
912 1991 986 2042 nobis
1004 1997 1090 2055 potes.
1124 1990 1177 2056 Aa,
1189 1993 1209 2042 ei
1222 1993 1340 2057 possest’

228 2074 273 2126 nbi
284 2071 457 2138 tupplsndum
475 2071 636 2135 cogitatione
656 2073 730 2121 ‘csse
747 2069 829 2121 felix!
863 2073 899 2122 Et
917 2073 1009 2122 eodem
1030 2072 1130 2137 capite,
1147 2073 1275 2125 ‘Habent
1292 2089 1339 2128 sua

228 2153 313 2206 verbe
332 2153 431 2218 miseri,
445 2168 492 2202 sus
512 2152 594 2203 rerba
613 2151 722 2204 felices.¹
762 2153 901 2203 Terentius
920 2155 989 2204 Eun.
1008 2167 1028 2203 r.
1046 2157 1069 2202 ι.
1082 2157 1108 2203 9.
1125 2153 1184 2204 ‘'l'e
1205 2166 1291 2206 amare
1309 2163 1339 2208 et

228 2235 299 2287 ferre
311 2249 361 2285 nort
373 2247 451 2298 posse
460 2231 478 2283 ι’
493 2232 538 2283 ubi
549 2248 582 2282 ex
592 2233 754 2297 precedenti
765 2233 847 2283 verbo
860 2239 969 2298 repetc⁶
980 2233 1113 2298 amorem,’
1121 2233 1235 2299 indeque
1251 2242 1337 2288 crtum

229 2315 401 2377 desiderium,
415 2314 482 2364 adeo
502 2321 532 2363 nt
551 2314 585 2363 ab
604 2328 636 2362 eo
653 2313 835 2364 abstinendum
855 2314 899 2377 sit,
912 2314 956 2364 nbi
976 2321 1062 2364 tumen
1075 2316 1139 2364 cler.
1158 2315 1339 2382 Heumannnt,

228 2402 292 2448 tnns.
302 2409 335 2445 rt.
348 2395 422 2446 Ptec.
431 2394 478 2446 lib.
492 2407 531 2444 ιν.
540 2409 601 2458 pag.
612 2397 671 2444 tte.
685 2395 694 2422 ‘
705 2401 733 2445 te
746 2408 858 2445 umorem
868 2393 956 2446 ferre'
974 2397 1146 2459 pretuletst;
1163 2402 1236 2448 tanto
1247 2398 1337 2448 iucun-

227 2475 385 2533 venientius,
399 2481 499 2541 quanto
512 2476 592 2540 magis
604 2475 643 2526 ita
653 2482 766 2526 metrum
784 2477 904 2528 violetur.
938 2477 1014 2542 Sulp.
1034 2478 1147 2528 Seuerus
1161 2477 1232 2528 Dial.
1241 2491 1264 2530 t.
1275 2491 1335 2542 cap.

226 2563 270 2610 ιι.
286 2556 493 2608 ‘Renitcntibus
511 2557 624 2620 cunctis,
636 2563 664 2608 et
676 2558 811 2623 precipue
828 2558 879 2608 loci
897 2557 966 2608 illius
979 2557 1087 2621 abbate,
1102 2560 1171 2610 melo
1188 2559 1262 2623 (lege
1275 2561 1338 2610 mule

228 2653 287 2692 cnm
299 2637 379 2703 Μιι.)
391 2638 477 2689 animo
488 2637 541 2689 tiss
552 2638 685 2688 sententia
699 2653 750 2688 non
764 2639 850 2704 potnit
862 2637 960 2688 aselli.'
992 2640 1036 2690 Iis
1047 2640 1197 2690 sucturibus
1209 2640 1338 2692 membre·

222 2721 269 2772 nis
288 2719 465 2772 restituendus
485 2720 567 2784 locus,
583 2721 660 2784 vulgo
677 2718 765 2771 editur
783 2721 867 2770 sbbute
884 2721 1011 2771 renitente.
1047 2720 1125 2786 Apud
1143 2722 1240 2772 Melum
1253 2720 1336 2773 Praei.

223 2802 273 2854 lib.
286 2815 306 2853 ι.
322 2802 392 2865 lege,
410 2800 469 2851 ‘Ac
485 2799 693 2866 primoquidem,
714 2815 772 2866 quse
791 2801 825 2851 sit
843 2800 927 2851 formo
948 2802 1040 2866 totius,
1059 2802 1217 2864 expediam
1240 2802 1337 2854 deinde
1357 2791 1359 2796 ¹

226 2897 316 2935 rursus
332 2896 391 2934 ores
403 2881 516 2932 omnium
530 2895 560 2932 sc
572 2883 670 2938 littora,
687 2889 717 2932 nt
727 2883 798 2932 intra
810 2889 939 2947 extraque
950 2880 1028 2932 sont.’
1062 2883 1137 2931 Bene
1151 2883 1188 2933 ibi
1201 2897 1254 2933 rem
1267 2884 1337 2946 gerit

226 2963 385 3026 Gronovius,
401 2963 448 3013 sed
461 2976 517 3012 essu
529 2963 688 3014 locutionem
699 2977 750 3012 uon
761 2961 833 3012 ferre
846 2977 919 3013 usum
934 2963 1024 3014 Latini
1038 2964 1164 3014 sermonis
1178 2964 1337 3014 existimarit

225 3045 260 3096 cl.
271 3043 441 3096 Henmtnous
451 3045 524 3094 Poec.
536 3050 600 3096 tom.
613 3059 634 3096 r.
646 3043 692 3095 lib.
704 3058 737 3096 rr.
750 3044 862 3108 epistt.
895 3045 951 3108 Ego
965 3053 1029 3109 puto
1042 3043 1133 3095 eodem
1145 3044 1234 3105 modo,
1244 3045 1336 3096 saltent

225 3139 277 3176 nnn
289 3124 428 3176 admodum
440 3125 555 3190 diverso,
565 3124 617 3176 dici
635 3138 723 3189 posse,
733 3127 740 3154 ‘
751 3124 877 3188 expedire
889 3139 946 3174 oras
959 3131 987 3174 et
1000 3123 1108 3188 littors‚’
1118 3139 1167 3189 pro
1178 3124 1338 3183 describere,

225 3222 278 3272 qno
295 3207 438 3272 ‘expedire
449 3205 564 3257 csittrm'
581 3207 691 3271 alicujus
704 3206 751 3270 rei,
763 3213 791 3256 et
808 3205 954 3270 ‘expedire
974 3204 1093 3257 initium'
1110 3206 1179 3257 dixit
1192 3205 1296 3269 Cicero,
1306 3213 1343 3262 et,

224 3287 403 3352 Sallustiog.
424 3301 483 3353 cap.
506 3292 530 3336 ti.
561 3287 630 3337 Vide
648 3286 783 3338 Graevium
802 3285 836 3337 ad
856 3288 956 3338 lustin.
985 3301 1067 3338 xttrr.
1085 3292 1109 3338 ι.
1143 3289 1291 3350 Ριιειιιιιι,
1310 3289 1333 3338 ιι

225 3369 274 3420 bec
284 3369 375 3434 largiri
386 3369 492 3433 vellem,
503 3370 575 3419 locus
592 3368 698 3419 omniuo
709 3383 788 3418 sanus
801 3368 863 3428 erit,
874 3369 896 3419 si
907 3369 1063 3434 cogitemus,
1075 3369 1121 3420 ubi
1133 3370 1196 3420 tslic
1207 3369 1289 3420 rerba
1300 3369 1335 3420 sd

225 3449 278 3500 duo
289 3449 392 3500 diserta
403 3449 569 3500 substantiva
590 3448 750 3513 referuntur,
765 3464 818 3500 nnn
834 3450 953 3502 omnibns
964 3451 1072 3502 uocibus
1091 3465 1167 3517 aeque
1186 3452 1335 3500 convenire.

222 3530 267 3582 Sic
284 3531 377 3581 Florus
389 3545 429 3580 tv.
442 3535 483 3581 12.
496 3530 572 3593 dixit,
586 3531 669 3581 ‘Aliis
681 3533 783 3594 oculos,
799 3532 856 3581 eliis
869 3547 969 3595 mensis,
980 3531 1171 3597 amputabant!
1196 3531 1262 3581 Vide
1274 3547 1333 3597 quse

223 3612 280 3662 dixi
293 3625 337 3662 er.
346 3616 371 3661 9.
403 3611 517 3662 Felicior
528 3611 578 3661 tiri
589 3611 685 3662 eruditi
698 3613 849 3678 conjectura
858 3615 948 3663 cudens
961 3615 1020 3664 loco
1029 3613 1099 3678 opud
1110 3613 1206 3662 Melam
1218 3613 1334 3664 scriben-

224 3695 261 3744 tis
279 3691 430 3744 ‘oruantis’
448 3707 495 3757 pro
512 3694 593 3744 ‘cren
608 3692 628 3742 's
641 3692 658 3754 ς’
676 3692 805 3759 quomodo
816 3693 896 3743 ctiam
909 3695 941 3743 cl.
955 3693 1077 3744 Graevius
1089 3694 1114 3743 in
1130 3693 1231 3744 Scholia
1246 3693 1334 3758 prise·

224 3774 259 3825 ιιι
271 3773 382 3824 eundem
394 3774 479 3823 locum
495 3773 678 3836 constituerat,
689 3782 717 3824 ct
730 3773 812 3838 jtistis
823 3773 974 3825 firmaverat
993 3773 1162 3838 argumentis.
1195 3774 1260 3824 cum
1274 3773 1333 3824 talls

223 3855 306 3919 igitur
324 3855 424 3920 ellipsis
441 3853 507 3905 adeo
524 3854 560 3904 sit
578 3852 711 3921 frequens,
721 3867 773 3904 noa
794 3853 899 3906 difficile
917 3856 969 3907 erit
985 3854 1102 3918 credere,
1120 3861 1149 3906 et
1166 3854 1193 3906 irs
1211 3853 1333 3921 sequenti

161 3977 165 3985 .
225 3935 292 3988 dulit
303 3935 438 3988 commode
450 3936 562 3986 bonorem
571 3936 683 4002 intelligi
694 3934 789 4001 posse!
823 3936 959 3989 Hactenus
969 3936 1137 3988 Arntsenins.

636 4133 824 4187 EXCURSUS
852 4133 922 4186 LIV.

224 4296 227 4304 ,
258 4249 326 4299 Cae.
337 4261 458 4300 uxxsx.
468 4254 493 4302 t.
520 4249 590 4300 Licet
608 4251 681 4302 citeri
695 4255 802 4302 cestrum
815 4249 870 4316 filii
885 4249 963 4306 uirtus,
978 4248 1144 4314 triumphalis,
1160 4250 1243 4300 coslum
1258 4249 1332 4298 ulters'

225 4329 331 4384 dederit:
343 4329 473 4380 mamitos
480 4334 560 4382 tumen
570 4335 652 4382 cestro
663 4332 725 4398 lats,
736 4331 798 4397 quod
807 4330 855 4382 istu
863 4330 1000 4397 perfilism,
1011 4344 1081 4396 emm
1090 4331 1115 4382 st'
1122 4330 1169 4396 ipsi
1177 4329 1331 4382 meruissetis.
