3100 4854
403 411 493 461 vrra
516 415 549 462 e.
571 412 695 461 aurun
720 412 873 476 cacrurr
898 410 1078 464 saeuum.
1164 431 1173 437 ·
1244 399 1288 464 99

192 554 299 638 signis
319 554 468 635 habetur,
483 555 580 638 cajus
602 555 747 639 plurima
769 555 893 637 ingenii
916 563 1145 621 monumenta*
1160 563 1291 623 extant.

193 655 297 721 Periit
322 656 401 718 dum
424 656 540 720 invisit
553 655 777 737 'Vesuvium'
801 656 959 722 falluntur
980 657 1048 722 illi:
1071 678 1147 724 nam
1169 659 1225 725 hic
1250 659 1295 736 dc

192 758 333 822 luniore
349 757 461 821 Plinio
477 757 686 823 hauddubie
701 760 768 840 agi,
783 767 823 823 ut
839 766 949 823 cetera
963 767 1157 842 argumenta
1172 761 1297 839 desint,

191 859 256 924 boc
278 877 380 922 nuum
402 859 539 942 evincit,
556 860 647 942 quod
668 862 815 926 omnium
837 880 1006 926 consensu
1026 861 1138 944 Major
1160 862 1295 927 Plinius

194 959 237 1022 ad
258 959 333 1023 haee
355 959 497 1040 Trajani
516 965 668 1044 tempora
686 980 854 1046 nunquam
870 963 1037 1044 pervenit.
1081 960 1217 1026 Atenim
1232 961 1294 1028 Ju-

194 1060 265 1124 nior
286 1059 420 1124 Plinius
443 1059 487 1124 ad
509 1059 696 1127 Vesuvium
720 1081 787 1126 non
812 1063 921 1146 pariit.
966 1062 1019 1127 Sit
1040 1064 1091 1127 ita
1111 1082 1212 1143 sane;
1234 1063 1297 1128 scd

194 1159 373 1225 dicendum
399 1155 475 1224 cu'm
501 1160 654 1227 Arnaldo
678 1163 844 1242 Pontaeo,
866 1172 927 1229 aut
948 1164 1158 1231 librariorum
1185 1185 1296 1230 errore

195 1279 298 1326 voces
314 1263 446 1346 aliquot
459 1265 643 1341 excidisse,
660 1283 738 1333 cum
753 1265 929 1348 legendum
944 1272 1046 1343 esset,
1062 1271 1189 1350 ‘nepos
1204 1266 1297 1332 illius

195 1363 253 1447 qui
275 1364 403 1446 periit3’
425 1369 486 1429 aut
507 1365 551 1428 ab
573 1364 693 1429 iisdem
712 1385 887 1448 perperam
902 1365 1065 1443 additum,
1079 1364 1170 1451 quod
1184 1364 1300 1432 delen-

197 1465 275 1528 dum
290 1483 386 1543 esse3
409 1483 472 1528 nec
484 1466 519 1528 in
541 1463 678 1547 scriptis
693 1483 795 1529 manu
810 1465 988 1531 codicibus
1001 1466 1140 1548 reperiri
1156 1471 1299 1532 testatur

196 1562 443 1647 Scaliger‚'nec
465 1583 583 1648 parurn
609 1565 786 1632 confirmat
808 1566 896 1649 quod
919 1566 1156 1644 Cassiodorus,
1179 1564 1320 1634 Hono-⁵

196 1667 278 1742 rius,
294 1671 328 1728 et
348 1664 456 1740 Beda,
470 1664 531 1747 qui
552 1663 642 1729 hanc
663 1665 775 1730 locum
795 1667 843 1730 uti
859 1668 903 1731 ab
919 1668 960 1732 iis
976 1673 1139 1752 repertum
1155 1675 1222 1748 est,
1237 1689 1299 1734 ex-

197 1767 375 1850 scripsere,
390 1764 465 1829 haec
482 1768 583 1830 verba
596 1785 664 1831 non
679 1766 837 1832 babeant.
876 1767 980 1846 Quod
996 1776 1107 1836 autem
1121 1770 1163 1845 is,
1175 1771 1218 1835 de
1231 1790 1300 1854 quo

198 1867 306 1950 agitur
321 1866 387 1930 hoe
401 1867 491 1944 loco,
504 1866 637 1930 Plinius
663 1866 884 1932 ‘historicus'
905 1868 1111 1953 appellatur;
1133 1869 1215 1935 nihil
1235 1871 1300 1935 hoc

196 1969 351 2054 probibet
372 1968 552 2051 quominus
577 1967 619 2032 de
639 1968 661 2033 J
666 1963 781 2032 uniore
802 1967 915 2033 Plinio
930 1969 1072 2050 intelligi
1087 1970 1209 2052 possit,
1224 1989 1301 2034 cum

197 2073 233 2134 is
249 2072 324 2153 ipse
346 2069 380 2132 in
402 2070 511 2150 elogio
535 2068 628 2153 quod
651 2070 712 2133 sub
735 2068 809 2153 ejus
824 2074 936 2134 statua
950 2071 1094 2135 cernitur
1107 2070 1219 2149 Comi,
1234 2070 1301 2136 hoe

197 2170 333 2235 nomine
355 2169 511 2241 donetur.
560 2171 604 2234 Et
617 2189 699 2235 vero
711 2170 887 2234 historiam
905 2189 925 2236 a
940 2191 977 2234 se
993 2173 1217 2254 conscriptam
1233 2179 1301 2240 tes·

198 2272 263 2336 tari
284 2272 431 2349 videtur,
446 2290 524 2335 cum
547 2271 612 2355 Ep.
628 2289 662 2335 v.
675 2271 708 2336 8.
731 2271 917 2336 scribendae
936 2272 1086 2338 bistoriae
1107 2274 1221 2341 studio
1242 2275 1302 2341 fla·

198 2392 293 2453 grare
311 2392 349 2436 se
369 2372 427 2449 ait,
442 2379 475 2437 et
488 2372 554 2456 Ep.
571 2388 656 2438 vnn.
670 2373 704 2436 4.
727 2370 904 2436 Caninium
917 2373 1018 2438 docet
1032 2376 1203 2456 quomodo
1218 2375 1302 2442 belli

199 2473 322 2539 Dacici
336 2474 476 2539 historia
488 2475 532 2538 sit
542 2476 587 2540 ab
598 2493 640 2539 eo
652 2473 896 2538 conscribenda
908 2494 918 2554 ;
940 2493 981 2538 ac
993 2474 1125 2538 demum
1138 2477 1201 2559 Ep.
1217 2491 1301 2542 vrri.

191 2574 230 2642 a.
245 2575 299 2638 la
313 2575 368 2640 15.
382 2581 416 2638 et
432 2575 556 2640 1x.13.
571 2573 624 2639 18.
638 2574 692 2638 20.
718 2574 983 2656 conscriptorum
1006 2592 1028 2638 a
1051 2593 1089 2638 se
1111 2575 1303 2640 libellorum

200 2676 424 2758 complurium
450 2676 655 2739 mentionem
678 2673 773 2739 facit.
819 2675 983 2738 Fortasse
1006 2675 1143 2740 Eusebii
1163 2675 1302 2742 halluci-

199 2776 292 2840 natio
308 2782 362 2838 est
377 2772 527 2837 Plinium
543 2775 681 2837 alterum
696 2775 739 2840 ab
755 2774 860 2839 altero
871 2793 939 2838 non
954 2775 1039 2839 satis
1054 2773 1302 2856 distinguentis.

202 2878 358 2944 Fortasse
372 2877 474 2942 etiam
490 2876 525 2940 id
541 2875 754 2958 Hieronymo
770 2894 791 2939 a
805 2895 872 2959 quo
892 2875 1064 2952 Eusebius
1080 2877 1218 2944 Latinus
1232 2879 1317 2948 sacr

200 2989 254 3044 tus
277 2986 333 3043 est
353 2976 575 3055 tribuendum,
598 2995 700 3058 quem
723 2975 826 3040 Plinii
851 2975 1005 3040 Jnnioris
1027 2976 1197 3062 Epistulas
1221 2999 1304 3044 nun·

200 3097 304 3164 qnam
329 3077 453 3158 legisse
478 3075 555 3140 inda
580 3076 709 3157 colligit
732 3075 908 3157 losepbus
931 3076 1089 3158 Scaliger.
1134 3078 1243 3162 quue
1266 3088 1305 3146 ut

201 3181 317 3246 credat
339 3199 380 3244 eo
397 3178 506 3260 magis
529 3176 653 3240 adduci
674 3196 713 3241 so
731 3177 791 3252 ait,
806 3176 897 3259 quod
912 3182 987 3240 ante
1001 3177 1242 3261 Hieronymum
1259 3181 1304 3245 si·

201 3281 275 3346 mili
288 3298 396 3344 errore
411 3277 650 3343 Sammonicus
665 3276 809 3340 Serenus
824 3277 987 3359 deceptus
1001 3279 1055 3354 sit,
1066 3285 1105 3341 ut
1118 3279 1211 3362 apud
1226 3279 1302 3346 Ma-

203 3382 354 3446 crobium
377 3379 568 3444 Satura-11.
583 3377 638 3442 12.
660 3377 783 3442 videre*
798 3385 863 3442 est.
908 3376 993 3443 Utut
1014 3383 1077 3457 est,
1097 3399 1164 3444 non
1186 3383 1304 3448 mirum

202 3484 240 3548 si·
256 3482 422 3546 Plinianae
444 3479 539 3557 vitae,
565 3499 642 3563 quae
666 3479 710 3543 ab
731 3477 896 3561 imperitis
918 3479 1080 3545 Suetonio
1100 3481 1303 3562 attribuitur,

203 3603 302 3650 verus
318 3589 450 3657 auctor,
466 3581 646 3663 sequioris,
661 3586 699 3644 ut
712 3579 762 3644 ait
777 3579 939 3662 Scaliger,
953 3579 1044 3645 baud
1058 3581 1157 3647 dubie
1171 3585 1305 3682 saeculi,

200 3691 305 3768 atque
330 3683 416 3748 adeo
438 3680 648 3766 Hieronymo
675 3676 859 3764 posterior;
882 3700 947 3745 non
970 3682 1091 3746 mirum
1114 3684 1144 3748 si
1167 3683 1306 3750 Macro.

203 3785 291 3862 hius,
306 3783 336 3848 ei
352 3781 503 3845 nonnulli
519 3783 578 3846 alii
601 3788 770 3846 tantorum
784 3781 928 3845 virorum
944 3784 1143 3847 auctoritate
1158 3782 1305 3866 decepti,

203 3885 239 3948 in
261 3881 402 3948 eundem
418 3899 565 3947 errorem
579 3883 796 3965 impegerunt.
840 3881 917 3946 Etsi
933 3890 1046 3948 autem
1060 3885 1094 3948 iu
1109 3882 1304 3966 vulgaribus

205 3983 348 4066 Majoris
371 3982 477 4047 Plinii
499 3983 709 4048 editionibus
732 3983 822 4048 idem
840 4002 929 4048 error
949 3985 1094 4067 irrepsit,
1109 3992 1209 4066 negat
1229 4005 1305 4050 esse

204 4088 239 4154 in
254 4085 422 4150 veteribus
434 4083 610 4150 codicibus
624 4084 842 4152 doctissimus
858 4085 1057 4150 Pollicerius
1071 4084 1106 4148 in
1115 4075 1163 4150 'eo
1176 4086 1303 4164 Plinio,

205 4204 309 4270 quem
331 4183 405 4268 ejus
435 4185 679 4270 manuscriptis·
699 4185 830 4271 aliquot
854 4187 943 4253 notis
964 4191 1102 4252 auctum
1124 4187 1168 4251 iu·
1182 4188 1303 4252 biblio-
