3112 4852
549 349 832 400 annueramus.
878 351 905 398 r.
925 335 980 398 34.
1253 337 1317 402 221

216 489 373 571 ignibusk
387 491 551 574 expiavit.
584 494 618 554 4.
633 493 780 556 Demens
791 493 858 570 iile,
871 493 1008 576 verique
1019 494 1154 558 honoris
1170 496 1318 577 ignarus,

216 593 276 674 qui
290 594 430 656 onmina
445 590 649 675 majestatis¹
674 595 708 656 iu
731 612 835 658 arena
857 594 1042 675 colligebat,
1058 613 1112 672 ac,
1123 579 1166 660 ‘se
1182 597 1314 679 despici

217 703 254 758 et
267 696 442 770 contemni,
458 695 523 758 nisi
540 695 639 758 etiam
655 693 859 774 gladiatores
875 695 950 777 ejus
972 715 1227 776 veneraremur;
1251 700 1318 762 sihi

217 795 306 860 male
322 795 401 870 dici,
416 797 450 859 in
465 796 532 860 illis
548 815 645 859 snam
662 796 902 872 divinitatem,¹¹¹
924 815 1021 860 sunm
1048 817 1172 863 numan
1200 800 1317 864 violari
1338 813 1343 822 '

216 897 520 978 interpretabatur:
544 917 619 961 oum
642 915 680 960 se
701 897 788 960 idem
806 898 897 981 quod
917 898 1021 976 Deos,
1042 897 1131 962 idem
1150 898 1317 980 gladiato-

216 983 269 1062 res
286 997 376 1080 quod
394 1018 431 1060 se
444 999 593 1080 putabat.

226 1121 229 1128 ¹
259 1099 350 1162 crs.
368 1112 514 1163 xxxrv.
560 1099 592 1162 1.
617 1098 664 1162 At
685 1104 731 1176 tu,
754 1100 882 1172 Caesar,
902 1119 1002 1181 quam
1026 1101 1197 1183 pulchrum
1218 1123 1317 1186 spec·

214 1200 362 1263 taculum
378 1221 438 1282 pro
455 1200 514 1264 illo
530 1202 629 1264 nobis
653 1185 837 1267 execrabili
857 1201 1048 1265 reddidisti!
1072 1202 1229 1268 Vidimus
1257 1205 1314 1267 da·

213 1302 355 1364 latorum
371 1319 490 1381 agmen
506 1299 708 1377 inductum,¹¹
732 1301 830 1385 quasi
845 1307 1084 1382 grassatorum,
1100 1305 1200 1386 quasi
1214 1304 1315 1370 latro-

213 1578 337 1628 inrideo.'
348 1579 434 1630 Arata.
468 1578 536 1631 Vide
547 1579 622 1628 Nott.
632 1578 756 1628 Vara-4
774 1580 828 1630 Pro
840 1579 865 1640 irs
881 1593 954 1628 erens
966 1578 1042 1627 codd.
1054 1580 1147 1628 venet.
1159 1579 1273 1640 Guelplr.
1286 1585 1314 1630 et

213 1645 289 1694 Vatt.
299 1649 323 1692 2.
335 1646 359 1690 3.
371 1649 396 1692 t.
412 1644 438 1690 ia
449 1643 493 1692 hro
503 1658 538 1704 re,
556 1644 617 1696 Vat.
630 1647 654 1692 1.
672 1645 699 1692 irs
715 1645 782 1706 iare,
797 1643 966 1692 Sclrwaraiau.
983 1644 1009 1691 ia
1026 1643 1095 1706 horo,
1111 1645 1196 1693 Paris.
1214 1645 1239 1692 r'a
1257 1644 1315 1694 bore

212 1709 350 1767 augustan
367 1716 394 1756 st
412 1709 449 1758 sie
468 1707 532 1756 Erro.
543 1709 617 1756 Vsu.
644 1707 688 1755 sed
702 1707 775 1756 Elsb.
793 1717 821 1756 et
832 1708 864 1756 al.
879 1709 924 1756 hoe
939 1722 975 1764 re,
996 1721 1041 1768 pro
1054 1707 1146 1770 quibus
1163 1715 1313 1757 annotatum

213 1782 252 1823 est
268 1785 315 1820 ere
334 1780 362 1820 et
377 1785 441 1823 areu.
473 1772 557 1820 ‘Mox
577 1784 623 1831 pro
642 1786 695 1820 cum
714 1786 729 1820 e
748 1771 824 1819 rodd-
845 1771 948 1820 Vatiec.
970 1770 1065 1820 Vener.
1087 1771 1181 1822 Salish.
1199 1772 1313 1834 Guelph.

211 1837 339 1894 Solrwara.
350 1835 418 1884 libro
427 1835 512 1886 Vossii
524 1834 585 1884 dedi
595 1849 700 1897 minoas.
725 1827 811 1884 Etiam
824 1835 882 1883 eod.
894 1835 955 1884 Par.
967 1834 1103 1884 confirmat
1114 1837 1242 1900 copulam,
1252 1837 1315 1886 lieet

212 1901 335 1950 incuriose
346 1899 441 1952 haheat
452 1914 556 1961 suaque
591 1900 657 1952 Post
668 1899 733 1948 Deos
744 1900 840 1948 subint.
855 1897 968 1961 puras?
985 1899 1085 1960 Gierig.

244 1967 313 2016 Car.
321 1977 421 2014 xxxiv.
440 1969 452 2012 t
463 1965 576 2026 Vulgata
586 1962 1072 2028 laorloest,dehtoramjudieiunsquosb
1081 1963 1123 2023 tse-
1134 1969 1161 2010 et
1171 1961 1209 2010 sio
1217 1962 1314 2024 legitur

211 2029 238 2076 iu
249 2029 308 2078 aed.
317 2030 410 2077 Parae.
423 2027 622 2088 ‘cuspinianus
631 2042 660 2076 so
673 2027 769 2076 deinde
779 2041 870 2076 norem
882 2027 1038 2076 circiteralii
1050 2027 1173 2084 editores,
1182 2029 1319 2087 proemis·.

212 2109 241 2142 ao
258 2093 385 2142 voeabula
394 2091 524 2154 judiciarie,
543 2092 698 2153 evulgarunt
714 2091 945 2152 egmerriadactam.
979 2091 1078 2140 Contra
1096 2105 1167 2150 vero,
1180 2092 1247 2140 illam
1261 2092 1314 2154 pri·

212 2173 278 2207 marn
291 2157 429 2206 lentiorem
443 2163 530 2204 teretur
542 2155 624 2204 oodex
636 2161 725 2204 noster
737 2155 788 2204 Ms.
800 2155 864 2206 itam
875 2157 943 2202 altar
954 2155 1032 2202 Gudii
1043 2155 1125 2215 liber3
1143 2169 1191 2205 uec
1203 2157 1312 2207 multum

211 2222 265 2270 abit
285 2217 349 2268 liber
362 2221 514 2279 Vossianus,
524 2221 566 2282 qui
579 2234 594 2268 e
605 2219 696 2270 eodioe
708 2219 820 2282 quodam
833 2220 885 2268 Ms.
898 2219 1012 2282 prodidit
1033 2219 1155 2275 indutam,
1174 2221 1242 2284 qrrod
1259 2221 1313 2270 leri
1355 2217 1357 2224 ’

212 2297 300 2335 errore
321 2285 431 2346 positum
451 2291 492 2334 ert
511 2299 559 2346 pre
578 2284 622 2332 illo
642 2284 728 2344 priore
748 2283 883 2332 vocabulo.
915 2284 966 2334 Sed
986 2284 1055 2336 idem
1081 2298 1173 2332 nomeu
1191 2285 1313 2346 iudicium

211 2352 290 2404 etiarn
302 2350 399 2399 habeut
418 2349 502 2410 primi,
515 2356 541 2397 et
553 2348 667 2410 plurimi,
679 2355 706 2396 et
719 2348 744 2394 ia
756 2347 794 2396 hir
811 2345 868 2396 fere
885 2349 975 2410 optimi
996 2350 1121 2402 editores,
1132 2363 1157 2396 r.
1188 2350 1312 2402 ,Beroal-

210 2414 268 2472 dus,
281 2415 431 2475 Catenaeus,
441 2411 535 2472 Aldus,
545 2413 636 2472 lanta,
649 2412 798 2472 Rhenanus,
816 2412 987 2468 Philomusns,
1007 2412 1149 2476 Gryphlus‚
1166 2364 1312 2468 fiscannus,

212 2479 246 2536 ll,
257 2479 413 2541 stephana,
433 2477 573 2535 Livineius,
594 2476 767 2535 Boshornius,
789 2476 931 2532 Gesnerus.
943 2483 971 2526 et
987 2477 1039 2526 ahi.
1074 2476 1163 2524 Codex
1175 2477 1225 2532 Ma.
1237 2478 1312 2528 Pari·

210 2542 312 2594 aiensis.
323 2551 350 2590 et
362 2543 387 2594 iu
402 2541 527 2590 vossiano
538 2541 614 2601 libro,
625 2541 708 2588 sodex
727 2540 799 2587 Elsb.
811 2537 948 2600 proterunt
959 2541 1041 2588 solnm
1053 2539 1219 2602 participium
1229 2541 1311 2592 iudae·

209 2613 270 2660 um.
304 2607 355 2656 Ubi
368 2620 431 2654 vero
443 2605 551 2659 nescias,
572 2610 658 2657 utrum
676 2605 723 2654 boo
740 2603 905 2664 participium
925 2603 951 2652 iu
973 2604 1096 2665 prasenti
1114 2604 1171 2652 loeo
1191 2619 1224 2656 ex
1243 2605 1312 2660 maie

209 2671 283 2733 pieta
295 2685 358 2719 rore
368 2670 490 2730 judicium
505 2669 628 2730 originem
641 2667 764 2727 durerit3
779 2665 812 2714 ad
834 2667 902 2728 quod
919 2667 1053 2729 deinceps,
1072 2683 1105 2717 rte
1121 2667 1147 2714 id
1164 2668 1245 2716 solum
1256 2669 1312 2720 sine

209 2750 288 2790 suasu
300 2743 378 2797 esset,
390 2734 494 2794 orridam
506 2747 610 2791 nomen,
622 2731 786 2792 spiramentis
798 2731 932 2780 commode
943 2733 1118 2792 excogitatum
1128 2730 1311 2794 adjunxerint3

211 2807 239 2848 ut
251 2799 346 2848 exinde
358 2799 413 2848 haee
426 2798 505 2846 lentio
524 2797 558 2846 sit
577 2803 647 2851 nata,
664 2793 773 2846 Vidimus
787 2796 917 2848 deuterum
936 2810 1022 2857 agmen
1038 2797 1177 2855 inductum
1197 2811 1229 2845 sn
1249 2811 1310 2848 rere

705 2955 814 3005 No'l'AE

211 3074 291 3120 vellet
313 3070 420 3120 lavere:
450 3083 533 3135 neque
554 3085 661 3120 necesse
682 3079 740 3119 arat
781 3085 862 3133 nsque
874 3083 904 3117 eo
917 3069 997 3117 eredis
1006 3070 1107 3118 aridum
1117 3069 1197 3119 fnisse
1210 3071 1248 3120 ait
1259 3072 1309 3120 hoe

210 3149 334 3214 principis
347 3147 441 3208 studia,
462 3157 491 3196 ut
515 3149 586 3202 olim,
609 3145 740 3194 serviliter
781 3145 837 3193 loeo
850 3145 957 3207 Plinius,
971 3151 1000 3193 ut
1011 3145 1088 3192 etiarn
1106 3145 1132 3194 in
1150 3145 1308 3208 amphithea-

209 3225 293 3287 s'equi.
318 3227 321 3234 ⁴
782 3230 832 3281 tro,
851 3223 896 3286 qui
919 3223 990 3270 locus
1014 3221 1081 3270 ludis
1102 3220 1221 3270 addictus
1244 3231 1309 3278 erat,

217 3283 220 3298 ¹
241 3298 253 3332 ¹¹
273 3300 339 3348 Uaro
349 3304 373 3348 et
383 3297 491 3362 gallur]
508 3299 601 3348 Natus
613 3297 740 3360 gladiato·
782 3297 890 3348 erimina
902 3299 969 3344 laesae
980 3297 1125 3360 maiestatis
1138 3297 1276 3362 reperiret.

141 3415 144 3422 .
209 3375 343 3438 ribemunt
358 3375 532 3424 auteasiaut
552 3373 606 3422 laesi
624 3375 740 3436 graviter
813 3380 830 3405 ¹¹¹
847 3373 922 3422 Suom
932 3371 1093 3437 delaturas]
1105 3374 1148 3422 De
1160 3373 1308 3424 Domitiano

210 3453 323 3512 inerant,
340 3465 409 3500 uneo
428 3451 460 3499 ad
482 3449 631 3512 spoliarium
652 3449 738 3497 trahe·
779 3447 903 3510 loquitur,
911 3447 963 3510 qui,
971 3447 1085 3498 Martiali
1096 3449 1254 3510 teste,‘Diei
1262 3450 1308 3500 ‹lo-

208 3528 320 3576 bantur:
348 3526 476 3590 iidemqoe
500 3527 616 3574 accensis
637 3523 738 3575 facibus
779 3521 1006 3587 minna,Derrsqne
1019 3523 1119 3588 voluit,'
1137 3531 1165 3573 et
1186 3525 1235 3575 coli
1259 3525 1308 3575 rub

209 3603 411 3665 instigabantur,
419 3603 438 3651 si
451 3601 519 3650 forte
532 3609 682 3651 mortuosse
692 3601 738 3650 fin·
781 3598 880 3647 Alcidae
889 3599 1001 3647 nomine.

208 3687 308 3743 gerent.
342 3679 495 3738 ‘Risimus,'
517 3679 736 3742 inquitTertnlli·
811 3683 823 3706 ¹¹
840 3674 981 3738 indueram]
1019 3674 1050 3722 ln
1086 3675 1307 3740 amphitheatrum

209 3752 474 3814 arrrrs,‘Mererrrium
492 3754 736 3802 mortuoeeauterio
778 3749 942 3811 productum.
983 3749 1207 3798 UtSueton.c.8.
1227 3748 1308 3800 refert

209 3826 419 3878 examinantem!
460 3827 548 3876 Uncus
561 3826 667 3874 baculus
680 3836 736 3876 erat
779 3844 794 3875 a
819 3826 879 3876 Tito
907 3826 1067 3888 factitatum,
1096 3827 1139 3891 qui
1158 3825 1307 3876 ‘delatores

209 3895 342 3968 oblongos,
355 3904 427 3964 cujus
440 3904 464 3950 in
474 3914 591 3951 extrema
603 3910 677 3966 parts
685 3901 737 3952 fer·
778 3903 995 3967 mandaturosque
1017 3905 1042 3952 in
1061 3902 1117 3951 foro
1137 3901 1251 3952 fustibus
1280 3910 1307 3952 et

208 3995 264 4028 rum
287 3987 344 4028 erat
377 3977 510 4027 incurvum
542 3985 737 4028 ao'retortom.
777 3975 889 4040 flagellis
908 3977 1153 4038 caesos,novissime
1173 3977 1307 4026 traductos

208 4052 276 4106 erirl
300 4055 334 4102 sit
352 4061 413 4101 ve'ro
435 4053 583 4116 spoliarium
601 4052 668 4102 infra
680 4069 737 4118 cap.
779 4068 827 4114 per
837 4067 950 4113 arenam,
960 4054 1052 4115 partim
1066 4041 1157 4114 subjici
1169 4066 1198 4098 ac
1212 4053 1307 4101 vaenire

205 4141 310 4180 xxxvi.
323 4136 376 4178 uot-
388 4127 407 4176 Ι).
780 4131 928 4194 imperavit,
948 4129 1042 4190 partim
1060 4127 1085 4176 in
1104 4127 1258 4190 asperrimas
1271 4128 1307 4178 in·
1335 4157 1337 4162 ν

243 4205 251 4240 ¹
269 4207 378 4255 Crimina
389 4205 533 4268 mejestatis]
560 4203 739 4255 Domitianum
779 4204 892 4253 aularum
906 4201 999 4252 avehi!
