3050 4842
467 399 519 447 uo
545 363 832 448 rauaorrarcurr'
852 400 985 482 return.
1208 386 1274 455 398

170 546 271 598 bianum
283 542 318 592 aia
330 541 493 604 coniunctae.
525 539 577 590 Sed
592 553 644 590 non
661 539 729 590 mala
740 539 857 590 Raudina
875 539 1043 605 reprehendit
1056 541 1135 594 ralutl
1147 543 1274 606 puerilem

169 627 246 676 iatam
261 623 438 686 captationem
457 634 548 670 rocrmr
567 620 698 670 rimilinm.
730 621 802 671 Cera
821 621 900 672 uiltilo
919 623 1002 671 minue
1018 623 1085 671 hanc
1097 623 1235 674 lectionem
1248 624 1278 673 ln'

170 709 322 756 contextum
336 702 449 762 adrrriait,
460 710 488 751 at
499 702 536 752 ita
547 702 736 765 interpretatur
748 711 807 765 ert„
818 706 825 731 ‘
836 703 909 768 quari
923 717 993 752 unare
1008 717 1040 752 ex
1053 701 1144 752 nobie!
1177 705 1279 756 Verum

169 785 280 836 sortaaae
298 782 406 832 meliore
423 782 522 831 ratione
542 779 699 844 auffragatur
719 782 888 832 Ritterahmii
904 783 1065 846 conjecturae
1080 783 1163 832 codex
1176 791 1277 848 noctem·

171 865 215 930 qui
227 865 283 914 hec
294 863 373 914 verba
385 861 483 911 diserte
495 861 616 910 exhibet:
629 861 735 912 ambriae
744 863 808 912 iuter
818 876 868 921 που,
879 868 907 912 art
917 862 986 926 quari
995 863 1136 924 matiagcar
1151 869 1176 912 et
1186 865 1281 927 copiane

169 947 215 1008 tari,
224 961 271 994 aon
283 950 309 994 ut
320 943 431 1005 imputet,
439 939 517 999 surb.
551 940 683 990 convenit
699 942 756 992 lraec
768 943 850 992 oratio
861 943 930 1005 rtylo
942 942 1030 999 Plinii,
1047 942 1101 1006 qni,
1117 942 1185 1007 qrrud
1194 943 1281 992 'modu'

168 1027 300 1086 ominium·
312 1025 460 1074 delectatur
476 1019 614 1077 ἀντιθέτοις.
647 1023 761 1072 Aminiaa
778 1023 840 1072 irater
858 1035 909 1083 rior,v
926 1032 955 1072 et
974 1023 1069 1085 copiam
1081 1024 1118 1072 tari
1128 1023 1277 1083 secluserat

168 1107 241 1172 quari
253 1103 375 1165 συνώνυμα
385 1110 413 1152 et
425 1101 514 1166 ρωπίας
526 1108 554 1150 at
566 1100 642 1150 finem
653 1099 729 1165 hujus
741 1102 851 1150 actionis
862 1116 910 1165 per
920 1101 1031 1152 irritem
1042 1103 1164 1166 exprimit
1176 1112 1277 1166 orator,·

169 1188 245 1252 quari
265 1185 346 1246 dicat,
362 1183 488 1233 Ambulaa
508 1181 578 1234 iuter
593 1195 648 1239 noa,
664 1183 781 1246 adeoque
797 1181 836 1232 tui
852 1183 953 1232 virendi
969 1191 997 1231 et
1013 1183 1159 1247 alloquendi
1172 1184 1275 1250 copiam

168 1267 250 1318 cniria
266 1264 352 1325 faria,n
361 1277 414 1314 uon
431 1278 462 1314 eo
479 1261 531 1312 fine
548 1268 577 1312 et
591 1261 706 1320 coneilio,
718 1270 748 1312 ut
762 1263 787 1313 id
801 1262 921 1313 beneficii
941 1264 998 1314 loco
1012 1263 1160 1313 ridentibrra
1173 1272 1202 1316 et
1212 1266 1278 1316 ailo·¹

168 1347 308 1414 quentibus
319 1345 444 1406 aacrilraa,
456 1350 536 1419 utque
549 1350 669 1408 tauquam
683 1357 803 1406 maguum
821 1345 1129 1408 quippiam-couceaeirae
1142 1345 1253 1396 ridearir
1264 1359 1276 1407 a*

169 1429 215 1478 aed
232 1433 259 1478 at
269 1426 337 1491 quari
346 1425 481 1486 confingar,
492 1424 518 1474 h.
535 1430 601 1474 erut
611 1424 685 1488 quari
696 1425 815 1476 omnibua
827 1425 1034 1482 occurrentium,
1046 1432 1074 1475 et
1091 1428 1276 1489 praetereunti«

168 1507 227 1570 bna,
243 1509 278 1556 air
298 1505 367 1556 forte
379 1505 471 1556 obrlua
482 1511 511 1555 et
522 1505 668 1568 expositae,
685 1505 770 1570 (Pliu.
780 1504 872 1569 ¹Epiat.
885 1520 906 1555 r.
919 1505 971 1570 ltl.)
984 1517 1038 1556 ¹aec
1056 1520 1163 1556 necesse
1181 1508 1225 1572 ait,
1245 1513 1276 1558 ut

167 1588 321 1640 facultatem
341 1587 377 1636 tui
390 1584 496 1634 ridendi
507 1592 535 1634 ct
547 1584 695 1648 alloquendi
708 1585 785 1634 anxie
801 1590 928 1650 quaerant,
940 1593 1131 1649 etexpectent.
1163 1587 1207 1637 Sic
1219 1588 1277 1638 Pria

167 1669 226 1719 aina
238 1668 311 1732 quari
323 1665 447 1730 exprimit
457 1665 609 1716 Graecorum
621 1665 740 1727 verbum,
756 1665 1131 1730 immacalatam-iudinassau
1142 1679 1282 1722 memores.

168 1749 262 1810 Immo,
272 1748 311 1798 uti
323 1746 425 1796 Graecia
436 1744 459 1794 oi
468 1742 585 1806 τυχόντες
600 1744 724 1795 dicuutur
740 1745 847 1796 lomina
861 1747 965 1810 privati,
975 1746 1038 1797 circii
1048 1749 1144 1812 parique,
1154 1749 1275 1810 gregorii

164 1829 258 1894 plaier'a',
269 1827 378 1878 tririolaa
385 1842 395 1884 ‚⁰
414 1826 453 1876 ita
464 1825 566 1875 Pliniua
578 1825 667 1876 dicere
681 1827 776 1888 potuit,
785 1827 925 1892 Trajanrrm
938 1829 1007 1885 inter
1018 1835 1120 1878 ceteros
1131 1829 1276 1891 ambularap

166 1916 194 1962 ar
204 1911 274 1975 quari
282 1907 417 1971 contingat,
433 1906 459 1955 ir.
472 1921 496 1956 e·
508 1912 537 1956 ut
547 1905 623 1970 quari
633 1921 699 1957 unua
711 1922 725 1955 e
738 1907 875 1971 multiapet
887 1909 1016 1972 privetur,
1035 1916 1114 1972 atquc
1127 1908 1276 1971 promiscue

168 1989 259 2041 obriua
277 1989 417 2040 rideatur.v
438 1985 567 2052 Equidem
587 1987 627 2036 rir
647 1985 813 2037 doctiaaimna
831 1987 1003 2038 Heumannue
1022 1986 1083 2037 huic
1102 1987 1276 2051 explicationi
1313 2043 1316 2048 ,
1422 1999 1426 2011 ·

167 2087 233 2122 uaeae
244 2069 347 2134 objicit,
359 2066 439 2116 verbo
458 2067 629 2129 ‘contingere
640 2064 647 2086 ⁹
667 2067 796 2116 neminem
807 2082 922 2132 unquam
938 2069 1095 2129 Romanum,
1112 2067 1181 2132 quurl
1195 2068 1277 2130 aciat:

166 2151 415 2201 illauotionauaum
427 2160 491 2197 aare.
523 2145 645 2210 Atqnid,
656 2147 677 2195 ai
695 2146 752 2210 ipae
768 2161 828 2196 uerte
845 2155 886 2198 eat
902 2148 1019 2198 Pliuinal
1051 2148 1132 2197 Certe
1143 2147 1185 2199 iric
1195 2164 1275 2213 supra

166 2245 226 2281 aar.
236 2234 261 2280 2.
271 2231 279 2257 ‘
291 2227 367 2294 Apud
380 2242 425 2276 eos
436 2240 542 2289 temper
553 2226 636 2289 major
647 2234 676 2276 et
687 2227 781 2278 clarior
791 2228 885 2293 quibua
893 2237 985 2291 purtca
995 2227 1167 2292 contigiaaeass
1201 2230 1274 2280 Nihil

165 2311 297 2375 prohibet,
308 2323 359 2373 quc
368 2307 452 2357 minua
463 2307 506 2356 hic
519 2306 640 2356 verbum‘
652 2307 826 2372 contigiaaer‚'
835 2309 989 2374 simpliciter
997 2316 1154 2373 exponatur,
1164 2310 1172 2339 ‘
1182 2309 1273 2374 quibua

166 2389 236 2441 forte
253 2388 419 2453 accurriaaer,
435 2387 461 2436 iu
478 2401 541 2452 quoa
561 2386 709 2450 incidians,
727 2388 761 2436 ad
776 2402 841 2452 quoa
858 2387 1031 2437 accerrimae?
1062 2387 1095 2436 Id
1108 2396 1210 2438 certum
1223 2397 1274 2451 eat,

165 2471 275 2526 verbum
294 2465 477 2532 ‘contingere'
497 2481 549 2516 uon
569 2480 672 2530 temper
689 2467 722 2516 de
740 2468 866 2530 amputari
879 2476 907 2518 et
920 2467 1119 2517 rarafelicitate
1132 2467 1195 2519 dici.
1227 2471 1273 2520 Sic

166 2549 329 2602 Scaerolade
342 2557 425 2598 morte
443 2547 520 2604 dixit,
539 2547 576 2595 Ι).
592 2547 626 2596 dc
645 2545 792 2596 adimendir
811 2547 915 2611 legatia,
932 2548 949 2595 l.
960 2560 1032 2596 xxx·
1048 2549 1098 2610 §40
1118 2547 1161 2596 ‘Si
1175 2549 1234 2611 quid
1248 2551 1272 2600 el

165 2629 235 2695 (tilio
247 2627 318 2691 meo)
328 2626 475 2675 humanitus
487 2625 630 2689 contigerit
639 2639 647 2685 ;
657 2625 701 2688 do,
712 2625 780 2688 lego,
792 2625 902 2689 darique
912 2626 950 2675 eia
960 2625 1050 2690 (fratri
1060 2639 1117 2674 meo
1127 2633 1155 2674 et
1166 2627 1273 2693 marito)

165 2706 244 2762 aolo.'
278 2707 366 2771 Atque
384 2707 422 2757 ita
443 2706 553 2755 antehac
572 2704 669 2754 codicia
687 2705 737 2754 mei
755 2705 894 2754 lectionem
917 2705 1051 2768 explicare
1069 2713 1179 2754 conatus
1196 2720 1273 2770 aum;

165 2799 303 2857 poatquam
317 2802 377 2837 reru
389 2787 474 2851 plurea
484 2783 589 2834 codices
599 2783 712 2846 scriptor
724 2783 844 2832 conferre
853 2783 914 2832 milri
927 2783 1206 2846 circumcurrentium
1219 2801 1274 2836 am-

165 2871 260 2935 plexus
271 2885 335 2925 aum,
353 2876 431 2933 atque
448 2867 474 2916 in
492 2865 559 2915 notia
577 2864 716 2930 illuatrari,
733 2864 849 2916 Ambulua
864 2865 929 2914 iatar
939 2880 992 2926 aar,
1003 2880 1049 2914 aar
1061 2866 1129 2927 quart
1139 2865 1273 2928 confingar.

165 2951 305 3014 Praecipue
317 2958 404 3000 tamen
417 2948 502 3012 placet
513 2947 569 2995 trac
580 2945 680 2996 codicia
692 2945 816 2996 Patavini
829 2947 970 3012 acriptura,
981 2945 1101 3012 quemria
1113 2947 1226 3014 ejuadem
1238 2949 1272 3002 eit

166 3030 313 3089 renuentia,
326 3029 438 3078 Arrium
449 3028 514 3080 irater
523 3041 575 3091 arr,
586 3039 633 3076 nort
644 3030 671 3074 at
680 3025 815 3086 contingat.

564 3283 753 3338 excitastis
780 3285 883 3337 XXXI.

199 3459 269 3510 Cae.
289 3469 358 3508 xxv·
389 3458 415 3505 2.
431 3452 489 3504 Niri
500 3466 555 3502 arra
570 3453 656 3503 leniter
672 3453 765 3516 attingi
772 3453 861 3515 piaret,
879 3451 1133 3516 locupletatartriiar,
1144 3455 1271 3521 ictumqar

165 3538 314 3600 erigimim
323 3536 416 3600 papale.
448 3534 533 3596 Vulgo
552 3541 642 3582 notram
660 3539 711 3596 eat,
721 3529 870 3595 congiarium
882 3531 987 3594 proprie
999 3529 1050 3582 ilci
1063 3545 1118 3594 raa,
1129 3535 1196 3598 quod
1209 3537 1272 3586 coa-¹

166 3619 247 3682 glum,
258 3632 305 3666 aea
317 3629 461 3666 meuauram
472 3628 519 3664 aea
530 3613 704 3664 cantariorum
720 3615 802 3679 capit.
838 3613 899 3662 Hoc
918 3613 976 3662 loro
992 3619 1066 3662 notat
1079 3613 1270 3672 liberalitatem,

165 3713 226 3763 quae
238 3714 252 3747 a
264 3695 425 3762 principibus
441 3692 625 3745 conserebatur
644 3693 670 3744 in
689 3694 823 3757 populum,
843 3693 884 3740 rei
905 3690 1009 3742 amicoa.
1042 3692 1125 3743 Quam
1139 3694 1270 3744 notionem

166 3784 243 3828 notat
255 3777 365 3830 Quintil.
378 3776 442 3826 luat.
460 3775 537 3826 Orat.
556 3788 595 3824 rr.
611 3778 637 3824 i.
670 3774 736 3825 Qum
753 3771 896 3834 appellatio
915 3770 977 3820 iuda
993 3769 1074 3820 ducta
1091 3780 1140 3833 ert,
1158 3773 1217 3836 quia
1228 3771 1270 3823 'ab

164 3859 244 3909 initio
254 3858 339 3920 congii
350 3857 401 3905 olei
412 3864 440 3906 et
451 3855 505 3905 riui
516 3847 655 3906 dabantur.
689 3854 791 3902 Dciorle
806 3864 867 3900 raro
879 3851 957 3899 etiam
970 3851 1002 3900 ad
1014 3851 1075 3900 aliea
1086 3867 1135 3910 rer,
1148 3863 1223 3917 quatu
1235 3853 1270 3906 ati

165 3940 254 3990 oleum
264 3945 293 3987 et
305 3935 401 3999 riuum,
412 3949 507 3998 nempe
518 3934 551 3985 erl
563 3934 731 3996 trumentum,
743 3932 785 3981 rel
795 3930 926 3994 paenulae.
937 3931 1058 3982 traducta
1066 3933 1112 3982 illa
1124 3933 1269 3996 principum

157 4018 270 4082 iarpitlo
281 4017 361 4066 nihilo
372 4016 456 4066 minna
471 4016 549 4066 etiam
568 4013 716 4077 congiarium
726 4011 826 4072 audilt3
843 4023 892 4060 uec
903 4025 960 4060 rara
973 4019 1058 4060 tamen
1070 4013 1147 4062 etiam
1160 4023 1270 4075 genera·

164 4100 213 4149 tior
223 4097 251 4147 iu
262 4097 371 4148 nummio
380 4095 478 4146 dicitur
489 4108 672 4146 arcamarcaa
679 4105 810 4144 avorum.
843 4091 1042 4141 Monumentum
1055 4092 1200 4156 hujusmodi
1208 4107 1271 4143 cau·

165 4177 252 4242 gi‘arli3
262 4192 278 4228 a
289 4176 401 4240 Trojano
408 4175 467 4226 ¹(lati
479 4177 584 4239 pupulo,
596 4175 685 4239 proult
697 4187 824 4234 nummus,
836 4185 912 4235 quam
921 4171 1060 4220 Patarolua
1072 4187 1105 4220 ex
1117 4173 1268 4232 vacillantia,

165 4259 282 4324 aulaque,
288 4256 406 4312 exhibuit
415 4256 469 4309 talr.
479 4268 498 4308 1.
507 4271 533 4307 n.
543 4261 568 4309 t.
581 4255 672 4306 lnhoc
680 4266 785 4305 nummo
793 4250 966 4315 completum
975 4250 1073 4315 duplea
1082 4252 1204 4310 tribunal,
1212 4253 1271 4306 alre
