3022 4852
229 396 273 460 60
503 409 538 456 c.
562 408 684 456 aarum
709 407 862 457 esctun
886 407 1051 460 sacuam

461 643 525 706 An.
546 644 622 709 Chr.
650 659 829 707 cxxxrrt.
873 642 939 707 An.
958 644 1030 708 AEt.
1044 649 1097 722 tt.

275 791 356 855 Hoc
377 793 489 858 forsan
513 814 564 856 an.
581 794 634 857 vel
660 795 823 877 sequenti,
839 793 970 857 Plinius
991 812 1035 856 ex
1055 792 1155 876 Syria
1181 791 1326 854 Romam

231 893 359 956 militiae
380 894 559 977 stipendiis
584 895 723 959 functus
744 894 899 974 redierit3
922 901 1022 978 atque
1045 915 1118 958 cum
1141 893 1272 957 rediens
1292 891 1328 952 iu

231 992 342 1057 Icaria
357 994 467 1057 insula
483 995 589 1058 ventis
605 996 816 1070 detineretur,
838 994 980 1059 Latinos
1003 995 1115 1075 elegos
1132 995 1163 1056 in
1178 991 1261 1056 illud
1277 990 1327 1070 ip·

231 1113 306 1158 sum
322 1114 412 1158 mare
427 1095 604 1177 ipsamque
619 1096 761 1159 insulam
777 1095 900 1157 fecerit.
942 1093 1006 1176 Ep.
1024 1110 1090 1156 vrr.
1105 1095 1137 1155 4.

273 1191 399 1275 Aliquo
422 1201 512 1256 certe
535 1202 681 1277 tempore
705 1202 783 1257 ante
799 1193 1002 1258 senatoriam
1019 1199 1163 1268 aetatem,
1178 1191 1232 1254 25.
1255 1189 1328 1252 scil.

231 1311 366 1368 anuum,
384 1307 402 1356 e
419 1293 538 1357 militia
552 1294 706 1356 reducem
723 1293 839 1368 fuisse,
853 1292 998 1375 ipsemet
1021 1292 1140 1374 prodit,
1162 1290 1226 1372 Ep.
1243 1304 1327 1352 vrrr.

232 1394 286 1456 lt.
308 1414 455 1468 narrans,
477 1416 524 1471 se,
547 1404 727 1478 postquam
747 1396 782 1459 in
808 1395 927 1458 castris
946 1393 1067 1469 fuerat,
1088 1391 1327 1476 ‘prospexisse

232 1496 370 1572 curiam,
384 1497 445 1559 sed
471 1499 596 1560 curiam
623 1497 786 1578 trepidam
807 1503 843 1560 et
865 1494 1052 1578 elinguem,’
1065 1496 1125 1558 &a
1149 1494 1170 1558 i.
1187 1512 1217 1556 e.
1232 1498 1270 1555 ut
1285 1509 1328 1553 ex

233 1597 458 1678 superioribus
481 1597 562 1659 ibid.
587 1600 692 1677 patet,
719 1596 946 1663 castrensibus
971 1595 1148 1678 stipendiis
1173 1594 1244 1676 jam
1268 1594 1327 1655 irn-

232 1698 361 1772 butum,
379 1696 501 1759 deiude
517 1697 659 1761 honores
683 1688 863 1780 petiturum
888 1697 1058 1760 ‘astitisse
1074 1694 1327 1768 curiosioribus,

232 1802 266 1860 ot
295 1797 430 1860 concilii
468 1797 595 1879 publici
630 1805 863 1882 spectatorem,
900 1802 1078 1880 autequam
1117 1793 1329 1870 consortem‚'

230 1896 348 1961 fuisse.

272 1998 358 2061 Post
371 1999 513 2062 reditum
526 2019 606 2063 vero
622 2019 759 2063 uxorem
773 2000 904 2063 demum
921 2000 1061 2063 duxisse
1072 1999 1218 2077 videtur;
1242 2002 1329 2060 certe

233 2099 426 2162 Domitiano
446 2099 518 2181 jam
534 2100 739 2182 imperante3
762 2101 927 2184 siquidem
942 2101 1015 2183 ejus
1038 2099 1250 2162 ‘tristissimo
1267 2117 1328 2162 sae·

233 2199 308 2262 culo
323 2199 389 2262 duo
405 2200 634 2264 matrimonia’
648 2202 831 2279 contraxit,
846 2201 910 2286 Ep.
930 2219 968 2264 x.
983 2202 1016 2265 2.

275 2299 441 2383 Equidem
459 2301 586 2366 Noster
598 2304 739 2366 maritus
753 2310 834 2380 erat,
850 2312 952 2386 atque
970 2302 1074 2367 etiam
1096 2301 1329 2366 adolescentu-

231 2401 296 2471 lus,
324 2421 396 2463 cum
422 2401 506 2465 Julii
533 2403 688 2466 Pastoris
713 2423 849 2467 cansam
870 2406 904 2468 in
927 2404 1159 2487 ‘quadruplici
1179 2401 1328 2485 judicio'

233 2503 394 2583 suscepit,
419 2501 484 2584 Ep.
511 2503 615 2568 1.18.
639 2524 739 2587 quam
766 2505 809 2568 cl.
831 2504 881 2567 H.
906 2501 963 2569 Df
991 2505 1164 2569 arbitratur
1188 2503 1327 2566 eandem

230 2623 318 2680 esse,
340 2623 380 2667 ac
403 2605 544 2686 primam
567 2605 611 2668 ab
634 2624 675 2668 eo
693 2619 781 2668 xus.
803 2612 922 2686 agente
946 2626 1065 2669 annum
1090 2605 1225 2668 dictam.
1258 2604 1328 2669 Ve-

231 2724 303 2767 rum
320 2704 443 2768 fallitur
457 2706 498 2769 cl.
515 2704 597 2786 Vir3
619 2725 695 2769 cum
712 2705 841 2769 Plinius
853 2708 949 2770 'illam
964 2707 987 2771 J
992 2750 999 2766 .
1019 2706 1170 2770 Pastoris
1192 2725 1329 2770 causam

232 2813 346 2869 contra
368 2806 514 2869 Caesaris
536 2807 665 2869 amicos
688 2807 801 2888 egerit,
823 2806 954 2890 hocque
976 2808 1043 2869 illis
1066 2813 1257 2870 annumeret
1278 2826 1329 2870 re·

231 2906 306 2981 bus,
319 2925 395 2986 quae
420 2910 598 2968 ‘excutere
613 2911 756 2968 mentem
774 2907 838 2968 sibi
854 2911 930 2988 post
944 2907 1038 2969 triste
1055 2907 1219 2970 somnium
1234 2915 1328 2990 pote·

230 3005 326 3083 rant,’
346 3006 426 3068 ibid.
442 3005 534 3088 quod
554 3006 681 3070 idcirco
703 3005 793 3070 clare
808 3006 1020 3084 demonstrat,
1036 3008 1206 3072 Caesarem
1226 3009 1328 3073 istum

231 3107 338 3170 fuisse
355 3107 597 3182 Domitianum,
621 3126 690 3190 quo
706 3107 880 3191 imperium
898 3110 1092 3190 auspicante
1112 3108 1235 3173 Noster
1255 3110 1329 3194 jam

230 3207 425 3273 vicesimum
453 3210 570 3271 saltem
597 3227 718 3272 annum
746 3209 983 3293 compleverat.
1037 3210 1131 3273 Nihil
1157 3229 1240 3273 sane
1265 3212 1327 3275 sub

231 3308 323 3383 Tito,
346 3329 412 3392 quo
437 3315 597 3390 regnante
623 3325 711 3373 xrx.
732 3329 837 3375 anuos
859 3323 958 3374 natus
979 3313 1085 3394 prima
1104 3311 1179 3374 vice
1201 3312 1235 3375 in
1257 3313 1328 3377 foro

231 3407 329 3483 dixit,
360 3407 574 3470 metuendum
604 3407 733 3472 Nostro
764 3410 895 3488 suisset,
923 3412 1078 3493 quamvis
1107 3420 1223 3478 contra
1252 3414 1328 3498 ejus
1386 3453 1389 3460 ·

232 3493 361 3572 amicos
377 3526 514 3570 causam
532 3509 750 3591 suscepisset.
796 3510 938 3589 Deinde,
956 3511 1018 3594 Ep.
1044 3531 1093 3576 ιν.
1113 3515 1167 3577 24.
1189 3514 1254 3578 hoo
1278 3517 1329 3599 ip·

231 3626 306 3672 sum
331 3605 539 3689 quadruplex
557 3608 722 3690 judicium
745 3630 940 3684 memorans,
965 3613 1089 3677 diserte
1113 3621 1265 3692 testatur,
1291 3636 1328 3680 se

231 3721 302 3774 turn
312 3707 468 3790 juvenem
483 3708 600 3786 tuisse,
613 3728 690 3773 oum
712 3711 746 3773 in
769 3712 829 3774 illo
844 3720 966 3793 ageret.
1011 3714 1112 3792 Quod
1133 3718 1327 3794 notandum,

231 3830 273 3873 ne
296 3809 357 3873 illa
379 3827 448 3872 vox
471 3809 786 3876 ‘adolescentulus'
806 3813 920 3875 sucum
944 3819 977 3876 et
998 3814 1053 3878 hic
1076 3817 1195 3880 iterum
1215 3818 1327 3896 faciat,

158 3907 161 3913 ¹
231 3913 267 3976 in
282 3930 492 3994 erroremque
507 3911 654 3976 inducat.
749 3953 751 3957 ·

276 4009 399 4094 Neque
421 4009 551 4075 meliori
572 4011 650 4092 jure
666 4011 755 4075 idem
771 4012 913 4076 doctiss.
929 4014 979 4077 vir
993 4017 1187 4081 contenditr
1201 4037 1326 4083 annum

394 4189 403 4226 ¹
419 4190 509 4242 Arnai.
522 4189 632 4244 Quintil.
643 4207 669 4255 p.
680 4197 720 4242 80.
816 4203 828 4238 r
848 4194 941 4246 Annal.
952 4195 1065 4246 station.
1077 4199 1090 4262 t
1100 4204 1123 4246 5.
1135 4203 1161 4248 o.
