3100 4854
229 361 294 430 nt
658 371 895 426 rnsrrnonm

229 522 445 606 reperiemur.
489 515 530 586 In
550 521 603 586 his
617 523 728 586 :etium
751 541 836 607 quos
857 521 925 604 ipsi
946 519 1100 598 vidimus,
1116 521 1248 604 copiam
1266 521 1326 586 Se-

228 643 333 701 necae,
348 624 436 687 vires
450 620 617 701 Africani,
633 626 855 688 maturitatem
872 621 957 700 Afri,
968 622 1214 704 jucunditatem
1231 621 1327 706 'Cris-

227 727 276 810 pi,
292 743 414 790 senum
429 724 608 804 Trachaili,
623 725 824 808 elegantiam
840 721 1017 789 Secundi.¹¹

561 916 760 982 Macrobius
777 918 909 984 Satutn.
926 935 960 982 v.
977 917 1010 984 1.

274 1051 426 1130 QnAtuor
449 1061 526 1115 sunt
548 1071 671 1134 genera
693 1051 844 1117 dicendi:
868 1052 1052 1134 copiosum,
1067 1051 1101 1115 in
1124 1072 1192 1135 quo
1207 1049 1325 1115 Cicero

228 1153 437 1218 dominatur:
461 1154 573 1229 breve,
590 1153 624 1216 iu
644 1173 712 1236 quo
727 1154 911 1218 Sallustius
928 1161 1059 1234 regnat:
1083 1151 1220 1229 siccum,
1236 1153 1326 1235 quod

229 1253 391 1317 Frontoni
417 1255 612 1319 ascribitur:
643 1255 765 1338 pingue
791 1264 826 1320 et
851 1256 1017 1331 floridum,
1040 1257 1073 1320 in
1099 1275 1166 1339 quo
1195 1255 1325 1319 Plinius

229 1352 403 1418 Secundus
427 1355 610 1437 quondam,
630 1363 666 1420 et
687 1377 776 1422 nunc
799 1356 893 1421 nullo
915 1361 1062 1421 veterum
1085 1359 1189 1421 minor
1214 1365 1327 1419 noster

227 1455 449 1538 Symmachus
464 1457 667 1522 luxuriatur.
737 1443 743 1458 '

538 1653 701 1717 Sidonius
715 1651 923 1736 Apollinaris
937 1653 965 1716 ἰ.
983 1655 1015 1718 1.

261 1787 442 1874 ¹Epistulas
454 1807 582 1864 omnes
598 1788 783 1852 retractatis
796 1788 1044 1870 exemplaribus
1059 1787 1328 1874 enucleatisque,

227 1909 295 1954 uno
318 1890 483 1954 volumine
507 1887 687 1968 includam,
716 1887 759 1968 Q.
786 1887 980 1974 Symmachi
1009 1891 1257 1969 rotunditatem,
1285 1892 1325 1956 C.

227 1985 332 2055 Plinii
351 1991 562 2076 disciplinam
582 1990 878 2076 maturitatemque
902 1991 1052 2079 vestigiis
1067 1993 1326 2075 praesumtuosis

227 2088 449 2156 insecuturus.

307 2290 415 2368 idem,
433 2307 484 2356 tv.
500 2293 532 2355 3.
548 2293 591 2355 ad
608 2252 843 2370 Claudianum,
860 2283 1025 2374 Mamerti,
1041 2292 1244 2358 Viennensis

395 2391 570 2476 Episcopi,
585 2393 731 2478 fratrem,
748 2399 784 2458 ut
799 2414 844 2458 ex
861 2393 925 2478 Ep.
942 2393 996 2457 11.
1010 2403 1161 2477 apparet.

272 2531 311 2600 Si
336 2554 427 2599 reare
452 2557 646 2621 quenquam
673 2537 878 2615 mortalium,
903 2537 958 2601 cui
979 2542 1088 2600 tamen
1111 2537 1328 2602 sermocinari

228 2632 402 2703 Latialiter
424 2637 516 2702 cordi
539 2647 602 2716 est,
626 2659 693 2703 non
714 2657 846 2722 pavere,
869 2657 946 2702 cum
970 2639 1005 2700 in
1028 2653 1173 2701 examen
1196 2637 1329 2703 aurium

229 2746 373 2815 tuarum,
396 2739 522 2822 quippe
545 2741 704 2823 scriptuS,
726 2738 914 2814 adducitur,
937 2745 1078 2813 tuarum,
1099 2738 1248 2820 inquam,
1270 2758 1328 2802 au-

219 2841 326 2914 rium,
340 2857 481 2920 quarum
504 2841 646 2920 peritiae,
663 2840 694 2900 si
716 2857 768 2908 me
790 2837 1006 2904 decursorum
1027 2838 1070 2900 ad
1084 2838 1149 2902 hoc
1165 2840 1231 2902 aevi
1245 2845 1326 2902 tern-

228 2957 348 3021 porum
377 2940 605 3020 praerogativa
625 2958 694 3002 non
719 2938 852 3015 obruat,
873 2958 934 3002 nec
957 2938 1199 3006 Frontonianae
1221 2943 1328 3021 gravi·
1382 2963 1385 2968 ·

229 3041 320 3116 tatis,
336 3047 394 3102 aut
415 3039 576 3122 ponderis
600 3038 781 3122 Apuleiani
796 3037 920 3104 fulmen
936 3039 1154 3122 aequiparem,
1171 3043 1225 3105 cui
1241 3040 1329 3106 Var-

229 3160 341 3218 rones,
364 3142 418 3206 vel
441 3139 622 3217 Atacinus,
644 3142 700 3205 vel
726 3141 916 3217 Terentius,
941 3139 1044 3206 Plinii
1064 3142 1117 3206 vel
1144 3143 1328 3208 avunculus

229 3242 285 3306 vel
301 3243 481 3318 secundus,
498 3243 678 3324 compositi
694 3243 982 3324 inpraesentiarum
994 3242 1252 3308 rusticabuntur.

603 3442 732 3546 Eodem
746 3443 808 3509 lib.
822 3443 890 3526 Ep.
903 3445 958 3510 22.

274 3588 347 3672 Ego
363 3590 487 3676 Plinio,
504 3600 541 3655 ut
555 3567 756 3674 discipulus,
772 3590 934 3674 assurgo.i

262 3787 275 3822 ¹¹
291 3791 374 3841 Quem
386 3790 542 3840 ultimoiocc
550 3791 696 3841 Secundum
707 3792 762 3840 lau·
798 3800 897 3857 potest.
916 3789 973 3844 Nec
984 3787 1085 3843 abludit
1096 3794 1246 3858 elegantia,
1254 3806 1331 3859 quern

230 3865 288 3927 det,
309 3867 349 3916 Cl.
372 3867 510 3918 Thomaeio
537 3869 639 3918 videtur
662 3869 764 3920 Plinius
800 3870 901 3927 tribuit,
912 3872 1053 3920 character.
1071 3869 1167 3920 Heorta.

232 3941 365 3992 Secundus
385 3943 507 3993 Cerellios
528 3957 597 4000 esse,
616 3958 692 4007 quem
714 3944 763 3993 iate
833 3944 1004 4009 ¹Perpetuus
1026 3945 1094 3994 enim
1116 3945 1232 3995 imitator
1253 3943 1331 3994 Plinii

232 4029 284 4064 non
303 4017 381 4067 modo
399 4019 551 4084 discipulum
568 4016 700 4081 formarit,
716 4018 763 4066 sed
800 4027 840 4069 est
851 4021 983 4082 Sidonius,
996 4018 1195 4070 utdoetirsimur
1204 4020 1331 4081 interpres

233 4099 324 4155 postea
335 4095 414 4142 etiem
424 4093 561 4146 florentem
572 4095 720 4158 eloquentia
729 4095 765 4142 vi·
800 4097 843 4148 Jo.
853 4096 950 4146 Severo
962 4095 1055 4158 purim
1069 4095 1225 4146 observavit.
1238 4095 1330 4145 Herm.

233 4165 295 4216 dita
312 4167 380 4230 quod
400 4183 432 4216 ex
455 4171 503 4234 Ep.
524 4183 563 4220 vt.
582 4172 624 4220 31.
644 4175 765 4220 constare
