3088 4848
525 395 808 450 senseramus.
853 397 877 445 r.
899 377 954 444 61.
1228 379 1294 448 289

200 541 292 629 qunti
307 546 341 607 tu
356 538 576 622 singularibus
592 539 697 615 viris,r
718 557 760 603 ae
773 539 814 602 de
825 548 859 603 te
873 539 1029 623 quidem·
1050 539 1132 605 bena
1147 557 1188 605 ac
1200 539 1293 605 lorti·

201 652 262 721 ter,
285 641 346 707 sed
371 643 405 707 in
431 646 508 722 toga
531 641 669 715 meritis,
694 639 896 724 praestitisti.
939 640 972 704 6.
996 637 1179 723 Utriusque
1200 661 1294 718 cura,

201 744 377 826 utriusque
388 741 559 824 vigilantia
578 742 761 806 obstrictus
776 761 823 818 es,
839 741 966 806 Caesar.
1010 740 1078 805 Sed
1094 742 1126 805 in
1143 743 1296 827 principe

201 863 323 921 rarum,
338 863 381 908 ee
396 857 499 928 prope
513 843 686 907 insolitum
698 849 758 919 est,
774 848 809 907 ut
823 862 860 907 se
873 849 965 927 putet
975 842 1171 925 obligatum,
1186 851 1253 923 ant,
1266 846 1297 908 si

202 952 311 1027 putet,
327 951 425 1009 umet.
470 944 585 1008 Debes
600 963 689 1024 ergo,
704 942 833 1022 Gaesar,
848 951 882 1008 et
899 945 1016 1010 solvis.
1060 943 1139 1016 Sed,
1155 963 1230 1010 enm
1246 953 1298 1010 ter

203 1045 359 1112 consules
374 1045 469 1123 faciS,
481 1063 550 1108 non
566 1043 624 1108 tibi
644 1063 784 1125 magnus
806 1045 975 1131 princeps,
995 1047 1055 1111 sed
1070 1065 1138 1110 uon
1153 1046 1300 1129 ingratus

204 1147 346 1224 amicus,
363 1146 495 1211 videris.
539 1149 571 1212 7.
595 1144 806 1224 Quinetiam
822 1166 984 1231 perquam
996 1148 1131 1214 modica
1142 1147 1299 1232 quaedem

203 1248 327 1312 civium
339 1249 466 1324 merita,
481 1248 624 1312 fortunae
637 1255 703 1310 tuae
719 1249 845 1313 viribus
860 1249 894 1312 in
910 1249 1019 1334 majus
1030 1249 1178 1315 extollis.
1222 1247 1301 1314 Effi-

155 1421 161 1430 ,
205 1347 255 1412 cis
270 1349 367 1426 enirn,
383 1357 420 1413 ut
434 1355 563 1414 tantum
578 1350 638 1414 tibi
653 1350 800 1432 quisque
810 1351 1008 1433 praestitisse
1019 1351 1182 1430 rideatur,
1194 1370 1299 1434 quan·

204 1456 275 1512 tum
299 1469 322 1513 a
349 1456 382 1514 te
406 1450 537 1532 recipit.
584 1449 675 1528 Quid
699 1452 757 1516 isti
781 1452 972 1534 benignitati
996 1454 1138 1536 precerl
1160 1453 1240 1530 nisi,
1264 1457 1301 1516 ut

205 1567 338 1633 semper
351 1551 494 1632 obliges,
512 1552 688 1634 obligetis3
710 1554 939 1636 incertumque
961 1552 1207 1631 larissenum
1232 1571 1300 1618 ma-

204 1651 256 1732 gis
269 1653 451 1735 expediat‘
471 1654 605 1718 civibus
619 1655 701 1731 tuis,
718 1655 839 1720 debere
854 1656 928 1732 tini,
941 1674 984 1719 an
1000 1654 1226 1739 praestitissel

251 1750 342 1816 Car.
359 1769 442 1846 uxr.
477 1755 509 1818 1.
532 1754 700 1838 Equidem
725 1756 822 1820 illum
850 1758 1023 1840 antiquom
1047 1762 1199 1822 senatum
1222 1773 1304 1821 eorr-

204 1855 288 1921 tueri
303 1855 454 1933 videbar,
469 1877 556 1932 cum,
573 1865 622 1923 ter
641 1858 780 1922 consule
803 1859 983 1940 assidente,
999 1861 1093 1924 tertio
1109 1859 1304 1923 consulem·

206 1955 416 2040 designatum
436 1959 546 2038 rogari
572 1960 766 2026 sententiam
781 1977 960 2026 cernerem.
1005 1959 1132 2039 Quanti
1147 1965 1226 2025 tune
1245 1956 1305 2032 illi,

666 2134 844 2157 enemente

205 2257 291 2309 stitisti
302 2259 328 2308 is
339 2263 395 2320 toga
406 2259 516 2318 sterilis,-
533 2259 597 2309 Ere.
608 2260 683 2310 Voss.
694 2259 773 2309 etism
786 2259 946 2321 singularibss
960 2260 1056 2310 metris.
1090 2259 1122 2310 lu
1134 2258 1210 2312 redd.
1220 2259 1306 2310 Paris.

206 2331 235 2374 et
253 2323 348 2372 Vener.
361 2329 383 2373 l.
396 2325 458 2373 item
470 2325 495 2372 in
505 2325 568 2375 edd.
584 2324 688 2374 Putesl.
700 2325 823 2376 Beroald.
834 2326 925 2375 Cetrn.
941 2322 1002 2375 Ald.
1019 2326 1126 2389 cuspin.
1144 2325 1218 2377 lunt.
1235 2325 1305 2375 Rbe-

205 2401 267 2437 nan.
286 2388 427 2438 Pbilomus.
440 2389 562 2438 cratensi.
581 2389 615 2438 R.
636 2390 670 2438 ll.
689 2397 717 2436 et
734 2390 766 2439 P.
782 2391 872 2453 Steplr.
890 2391 990 2452 Gryplr.
1003 2390 1122 2440 Siebsrd.
1140 2391 1207 2440 Ner.
1221 2390 1306 2441 Lirin.

205 2451 295 2502 Plaut.
307 2452 362 2502 Ele.
373 2460 401 2501 et
411 2452 503 2504 Arnts.
514 2455 581 2502 sede
598 2458 622 2502 te
639 2453 733 2518 quiam
749 2455 805 2503 berre
821 2469 849 2502 nc
862 2453 972 2513 sortiter.
988 2455 1137 2516 prestitisti,
1151 2457 1193 2504 sed
1209 2456 1236 2502 ir
1250 2459 1308 2516 toga

205 2515 319 2574 meritisr
335 2516 412 2566 codd.
424 2518 497 2565 vett.
508 2518 604 2566 Vener.
615 2520 640 2565 2.
652 2517 746 2566 Selirb.
758 2517 872 2577 Guelpb.
884 2518 1056 2566 Scbwsrzian.
1069 2527 1096 2565 et
1110 2518 1175 2566 Exn.
1185 2518 1262 2565 Voss.
1279 2533 1308 2566 se

205 2581 236 2630 de
246 2585 270 2628 te
280 2579 479 2642 quidemberssae
487 2580 599 2638 sortiter,
612 2583 654 2628 sed
670 2579 809 2642 prestitisti
825 2581 851 2626 in
869 2584 925 2641 tsgu
943 2581 1053 2637 meritisr
1069 2581 1201 2630 Boxlrorn.
1214 2579 1308 2630 Kireb.

206 2643 303 2693 Cellsr.
316 2650 343 2691 et
354 2644 436 2693 nean.
447 2660 475 2693 ee
486 2645 516 2691 de
526 2650 549 2693 te
561 2645 654 2705 quidem
668 2643 724 2692 berre
742 2659 771 2690 nr
780 2643 883 2701 sortiter
899 2644 992 2691 meritis
1006 2644 1153 2706 prestitisti,
1163 2645 1205 2692 sed
1215 2644 1242 2690 is
1251 2648 1309 2703 tego

205 2706 358 2756 meritis-6
377 2707 505 2770 Utriusque
515 2708 652 2769 sigibatiu,
667 2721 725 2756 rnre
742 2706 801 2756 cod.
811 2707 906 2755 Pater.
918 2714 946 2755 et
962 2707 1025 2756 Erre.
1038 2707 1110 2756 Voss.
1136 2707 1309 2761 adstrietssss,

209 2773 302 2832 Coesur,
312 2775 337 2820 et
347 2770 418 2818 soleis
429 2769 542 2831 Guelpb.
555 2772 655 2820 omissis
666 2773 756 2819 decem
774 2777 801 2818 et
816 2785 908 2819 norem
921 2771 1062 2819 vocabulis.
1097 2771 1176 2816 Debet
1186 2782 1244 2828 erge
1257 2769 1310 2816 cae·

206 2849 247 2884 sur
255 2839 279 2882 et
289 2834 354 2882 seles
364 2832 421 2882 eod.
433 2833 526 2882 Perae.
538 2835 583 2880 sed
597 2837 622 2878 in
635 2836 749 2892 margine
759 2828 888 2878 solvis-⁷
906 2828 973 2879 Cod.
984 2829 1081 2880 Venet.
1099 2833 1123 2878 1.
1139 2831 1165 2879 s's
1176 2845 1259 2880 musas
1268 2847 1311 2882 en·

207 2899 280 2948 tollis.
312 2899 385 2951 Mox,
396 2903 447 2946 ute
460 2895 549 2960 recepit
560 2895 634 2945 codd.
647 2896 731 2944 Paris.
745 2893 838 2944 Salisb.
856 2893 920 2943 Ere.
932 2894 1009 2943 Voss.
1022 2901 1049 2943 et
1061 2893 1163 2956 Grypb.
1178 2909 1221 2945 sn.
1237 2899 1310 2946 lete.

207 2976 298 3024 semper
313 2961 413 3023 obliges,
430 2975 522 3026 semper
537 2960 648 3022 obligeris
659 2961 720 3010 Ver.
732 2963 756 3008 8.
779 2957 869 3020 obliges
885 2958 1041 3022 aligerisque
1053 2959 1165 3023 Guelpb.
1200 2959 1231 3008 ln
1248 2960 1310 3011 edd.

207 3027 320 3089 Berneg.
333 3025 419 3076 Haclr.
430 3034 458 3075 et
469 3027 549 3074 Gesn.
558 3025 677 3074 ornisrnm
689 3022 843 3074 estverbrrm
854 3021 952 3083 obliges.
970 3024 1052 3072 Paulo
1060 3033 1128 3088 post,
1137 3023 1178 3073 erl.
1186 3023 1309 3078 Beroald.

207 3089 293 3138 linben
304 3090 348 3140 tibi
355 3106 365 3148 ,·
381 3090 439 3140 eod.
451 3091 544 3138 venet.
556 3094 578 3138 1.
589 3088 682 3144 debere,
694 3089 787 3136 omisso
800 3089 953 3148 pronomine
964 3086 1018 3135 tibi.

243 3154 310 3204 cue.
327 3167 385 3204 uxr.
412 3159 427 3203 1
446 3154 511 3204 Cod.
524 3155 618 3205 Psrav.
635 3153 735 3202 tertiusr
753 3152 878 3201 carralem.
912 3151 987 3200 Idem
1006 3149 1090 3200 codex
1105 3157 1134 3200 et
1153 3150 1219 3200 Ere.
1235 3150 1310 3200 Voss.

707 3312 818 3364 NOTAE

243 3419 253 3446 ¹
269 3411 438 3474 Singularitas
448 3409 520 3474 siris]
548 3411 618 3461 Puta
628 3411 667 3462 M.
678 3411 741 3461 Cor·
783 3409 820 3458 eis
840 3407 946 3466 dedisti,
963 3423 1021 3459 enm
1044 3415 1152 3472 propter
1169 3410 1311 3475 sequals

210 3489 307 3538 nelium
327 3489 484 3538 Frontonem
502 3496 642 3544 oratorem,
665 3502 742 3552 qrrem
784 3492 810 3537 te
828 3486 961 3535 contulere
978 3483 1114 3544 beneficis,
1131 3492 1185 3534 tum
1203 3493 1313 3551 propter

211 3565 336 3629 Traianus
353 3566 443 3614 courel
462 3565 541 3614 tertio
560 3566 691 3614 consulem
703 3579 755 3614 se·¹
783 3562 887 3625 egregie
899 3570 1019 3611 navatem
1036 3561 1062 3610 in
1075 3560 1184 3625 negotiis
1196 3562 1313 3611 civilibus

212 3638 357 3702 confecit,
375 3652 403 3689 et
421 3641 704 3706 Sextum-Pompeium,
721 3641 743 3691 ri
784 3653 899 3702 operam.

211 3714 326 3766 Onnfrlo
349 3715 452 3780 quidem
475 3718 612 3772 credimur,
634 3718 659 3765 iu
682 3718 742 3766 Kal.
815 3713 924 3761 ‘Utrnm
934 3712 1012 3773 magis
1023 3711 1146 3776 expediat]
1158 3711 1252 3762 Utrum
1263 3711 1313 3780 nti·

212 3795 326 3843 lllertias
347 3793 453 3842 tertium
475 3795 604 3844 consulem
626 3793 744 3857 designa·
784 3793 834 3841 lius
845 3790 878 3839 eit
888 3790 973 3839 debere
982 3789 1037 3850 tibi,
1053 3788 1080 3836 id
1092 3796 1144 3848 ert,
1154 3786 1288 3849 accepisse
1299 3802 1316 3836 s

215 3877 281 3918 tum.
786 3875 812 3916 te
825 3863 989 3926 beneficium,
1004 3880 1036 3913 urs
1050 3862 1204 3926 prestitisse,
1222 3859 1249 3910 id
1266 3868 1321 3923 est,

245 3953 255 3978 ¹
271 3945 344 3994 Aede
355 3941 494 4006 tequidem]
512 3943 633 3992 Obscura
643 3947 746 3990 senten·
786 3957 818 3992 sn
830 3940 942 3991 dedisse.
975 3941 1046 3991 Quia
1057 3939 1186 4000 nimirum,
1204 3950 1316 4000 praesen·

214 4021 261 4082 tie,
279 4018 327 4067 nisi
348 4019 499 4067 restituetur
516 4017 589 4079 ordo,
605 4017 648 4082 qni
661 4017 744 4064 estad
787 4026 838 4067 tem
860 4016 1007 4064 meritorum
1028 4022 1173 4062 nostrorum
1201 4009 1316 4061 fructeta

213 4111 284 4147 orem
294 4093 415 4142 editionis
431 4093 604 4142 Lirineienre:
623 4093 660 4142 Ae
675 4093 704 4140 de
723 4097 746 4140 te
782 4102 814 4160 ¹et
827 4092 1059 4142 remunerationem
1071 4088 1187 4136 ferimus.

214 4175 307 4237 quidem
318 4171 375 4220 berre
383 4185 411 4220 ne
419 4169 531 4229 fortiter,
543 4172 584 4217 sed
595 4171 620 4218 irr
632 4174 688 4230 tege
699 4183 746 4215 me-
818 4176 829 4202 ·
840 4168 919 4217 Tertio
929 4166 1056 4228 censalem]
1067 4165 1141 4212 Sext.
1153 4160 1317 4230 Pompeium,

215 4249 270 4298 ritis
290 4246 436 4310 prestitisti.
477 4243 509 4292 ld
529 4249 581 4308 ert,
597 4241 624 4293 id
641 4241 746 4307 quidem
787 4242 882 4306 dequo
895 4241 1084 4305 supradictum
1096 4243 1206 4302 esterp.
1219 4250 1285 4288 vrit.

282 4327 372 4391 Delplr.
381 4331 405 4377 et
420 4325 479 4376 Ver.
493 4325 557 4373 Clas.
698 4322 792 4385 Pereg.
807 4321 860 4372 Vet-
1230 4318 1254 4366 'l'
