<?xml version="1.0" encoding="UTF-8"?>
<!DOCTYPE html PUBLIC "-//W3C//DTD XHTML 1.0 Transitional//EN"
    "http://www.w3.org/TR/xhtml1/DTD/xhtml1-transitional.dtd">
<html xmlns="http://www.w3.org/1999/xhtml" xml:lang="en" lang="en">
 <head>
  <title>
</title>
<meta http-equiv="Content-Type" content="text/html;charset=utf-8" />
  <meta name='ocr-system' content='tesseract 3.04.00' />
  <meta name='ocr-capabilities' content='ocr_page ocr_carea ocr_par ocr_line ocrx_word'/>
</head>
<body>
  <div class='ocr_page' id='page_1' title='image "./panegyriciveter02baungoog_0012.png"; bbox 0 0 3022 4852; ppageno 0'>
   <div class='ocr_carea' id='block_1_1' title="bbox 456 739 916 872">
    <p class='ocr_par' dir='ltr' id='par_1_1' title="bbox 456 739 916 872">
     <span class='ocr_line' id='line_1_1' title="bbox 456 739 916 872; baseline -0.013 0"><span class='ocrx_word' id='word_1_1' title='bbox 456 739 916 872; x_wconf 72' lang='lat' dir='ltr'>suanmssrno</span> 
     </span>
    </p>
   </div>
   <div class='ocr_carea' id='block_1_2' title="bbox 224 1061 1120 1180">
    <p class='ocr_par' dir='ltr' id='par_1_2' title="bbox 224 1061 1120 1180">
     <span class='ocr_line' id='line_1_2' title="bbox 224 1061 1120 1180; baseline -0.003 -2"><span class='ocrx_word' id='word_1_2' title='bbox 224 1061 1120 1180; x_wconf 80' lang='lat' dir='ltr'><strong>DELPHINO</strong></span> 
     </span>
    </p>
   </div>
   <div class='ocr_carea' id='block_1_3' title="bbox 328 1385 1038 1476">
    <p class='ocr_par' dir='ltr' id='par_1_3' title="bbox 328 1385 1038 1476">
     <span class='ocr_line' id='line_1_3' title="bbox 328 1385 1038 1476; baseline -0.001 -14"><span class='ocrx_word' id='word_1_3' title='bbox 328 1389 574 1464; x_wconf 86' lang='lat' dir='ltr'>JACOBUS</span> <span class='ocrx_word' id='word_1_4' title='bbox 609 1390 688 1464; x_wconf 90' lang='lat' dir='ltr'>DE</span> <span class='ocrx_word' id='word_1_5' title='bbox 722 1389 794 1464; x_wconf 83' lang='lat' dir='ltr'>LA</span> <span class='ocrx_word' id='word_1_6' title='bbox 833 1385 1038 1476; x_wconf 83' lang='lat' dir='ltr'>BAUNE,</span> 
     </span>
    </p>
   </div>
   <div class='ocr_carea' id='block_1_4' title="bbox 561 1646 809 1707">
    <p class='ocr_par' dir='ltr' id='par_1_4' title="bbox 561 1646 809 1707">
     <span class='ocr_line' id='line_1_4' title="bbox 561 1646 809 1707; baseline 0.004 -2"><span class='ocrx_word' id='word_1_7' title='bbox 561 1646 655 1706; x_wconf 84' lang='lat' dir='ltr'><strong>SOC.</strong></span> <span class='ocrx_word' id='word_1_8' title='bbox 690 1647 809 1707; x_wconf 87' lang='lat' dir='ltr'>JESU.</span> 
     </span>
    </p>
   </div>
   <div class='ocr_carea' id='block_1_5' title="bbox 496 1922 865 1932">
    <p class='ocr_par' dir='ltr' id='par_1_5' title="bbox 496 1922 865 1932">
     <span class='ocr_line' id='line_1_5' title="bbox 496 1922 865 1932; baseline 0.005 -2"><span class='ocrx_word' id='word_1_9' title='bbox 496 1922 865 1932; x_wconf 56' lang='lat' dir='ltr'><em>w</em></span> 
     </span>
    </p>
   </div>
   <div class='ocr_carea' id='block_1_6' title="bbox 94 2138 1306 4369">
    <p class='ocr_par' dir='ltr' id='par_1_6' title="bbox 108 2138 1306 3763">
     <span class='ocr_line' id='line_1_6' title="bbox 132 2138 1226 2248; baseline 0.004 -25"><span class='ocrx_word' id='word_1_10' title='bbox 132 2138 338 2228; x_wconf 73' lang='lat' dir='ltr'>Varenum</span> <span class='ocrx_word' id='word_1_11' title='bbox 372 2164 615 2248; x_wconf 81' lang='lat' dir='ltr'><strong>Imperatorum</strong></span> <span class='ocrx_word' id='word_1_12' title='bbox 645 2167 762 2231; x_wconf 88' lang='lat' dir='ltr'>laudes</span> <span class='ocrx_word' id='word_1_13' title='bbox 793 2168 836 2231; x_wconf 91' lang='lat' dir='ltr'>ab</span> <span class='ocrx_word' id='word_1_14' title='bbox 867 2166 1057 2231; x_wconf 89' lang='lat' dir='ltr'>oratoribus</span> <span class='ocrx_word' id='word_1_15' title='bbox 1090 2179 1226 2228; x_wconf 91' lang='lat' dir='ltr'>suorum</span> 
     </span>
     <span class='ocr_line' id='line_1_7' title="bbox 129 2267 1226 2350; baseline 0 -22"><span class='ocrx_word' id='word_1_16' title='bbox 129 2273 315 2347; x_wconf 87' lang='lat' dir='ltr'>temporum</span> <span class='ocrx_word' id='word_1_17' title='bbox 340 2267 536 2330; x_wconf 84' lang='lat' dir='ltr'>clarissimis</span> <span class='ocrx_word' id='word_1_18' title='bbox 553 2269 763 2350; x_wconf 86' lang='lat' dir='ltr'>conscriptas</span> <span class='ocrx_word' id='word_1_19' title='bbox 785 2267 888 2332; x_wconf 87' lang='lat' dir='ltr'>odero</span> <span class='ocrx_word' id='word_1_20' title='bbox 913 2269 986 2345; x_wconf 87' lang='lat' dir='ltr'>tibi,</span> <span class='ocrx_word' id='word_1_21' title='bbox 1008 2267 1226 2332; x_wconf 81' lang='lat' dir='ltr'>serenissime</span> 
     </span>
     <span class='ocr_line' id='line_1_8' title="bbox 128 2367 1226 2452; baseline 0 -23"><span class='ocrx_word' id='word_1_22' title='bbox 128 2367 308 2449; x_wconf 85' lang='lat' dir='ltr'>Delphina.</span> <span class='ocrx_word' id='word_1_23' title='bbox 368 2368 493 2432; x_wconf 88' lang='lat' dir='ltr'>Munus</span> <span class='ocrx_word' id='word_1_24' title='bbox 523 2374 576 2432; x_wconf 88' lang='lat' dir='ltr'>est</span> <span class='ocrx_word' id='word_1_25' title='bbox 604 2372 702 2452; x_wconf 87' lang='lat' dir='ltr'>plane</span> <span class='ocrx_word' id='word_1_26' title='bbox 735 2371 872 2452; x_wconf 86' lang='lat' dir='ltr'>regium,</span> <span class='ocrx_word' id='word_1_27' title='bbox 902 2370 996 2452; x_wconf 91' lang='lat' dir='ltr'>quod</span> <span class='ocrx_word' id='word_1_28' title='bbox 1032 2387 1226 2450; x_wconf 88' lang='lat' dir='ltr'>magnorum</span> 
     </span>
     <span class='ocr_line' id='line_1_9' title="bbox 126 2469 1227 2554; baseline 0 -24"><span class='ocrx_word' id='word_1_29' title='bbox 126 2469 323 2550; x_wconf 86' lang='lat' dir='ltr'><strong>Principum</strong></span> <span class='ocrx_word' id='word_1_30' title='bbox 339 2489 390 2532; x_wconf 90' lang='lat' dir='ltr'>res</span> <span class='ocrx_word' id='word_1_31' title='bbox 406 2473 567 2552; x_wconf 87' lang='lat' dir='ltr'>praeclare</span> <span class='ocrx_word' id='word_1_32' title='bbox 582 2481 698 2553; x_wconf 85' lang='lat' dir='ltr'>gestas</span> <span class='ocrx_word' id='word_1_33' title='bbox 718 2472 971 2554; x_wconf 85' lang='lat' dir='ltr'>complectitur;</span> <span class='ocrx_word' id='word_1_34' title='bbox 993 2477 1025 2535; x_wconf 92' lang='lat' dir='ltr'>et</span> <span class='ocrx_word' id='word_1_35' title='bbox 1046 2472 1110 2535; x_wconf 91' lang='lat' dir='ltr'>hae</span> <span class='ocrx_word' id='word_1_36' title='bbox 1125 2475 1227 2532; x_wconf 80' lang='lat' dir='ltr'>aetate</span> 
     </span>
     <span class='ocr_line' id='line_1_10' title="bbox 125 2571 1227 2650; baseline -0.004 -15"><span class='ocrx_word' id='word_1_37' title='bbox 125 2579 184 2635; x_wconf 82' lang='lat' dir='ltr'>tua</span> <span class='ocrx_word' id='word_1_38' title='bbox 208 2571 269 2635; x_wconf 89' lang='lat' dir='ltr'>tibi</span> <span class='ocrx_word' id='word_1_39' title='bbox 292 2573 651 2648; x_wconf 84' lang='lat' dir='ltr'>convenientissimum,</span> <span class='ocrx_word' id='word_1_40' title='bbox 674 2574 730 2636; x_wconf 93' lang='lat' dir='ltr'>cui</span> <span class='ocrx_word' id='word_1_41' title='bbox 758 2592 846 2637; x_wconf 85' lang='lat' dir='ltr'>verae</span> <span class='ocrx_word' id='word_1_42' title='bbox 866 2573 979 2636; x_wconf 88' lang='lat' dir='ltr'>laudis</span> <span class='ocrx_word' id='word_1_43' title='bbox 1002 2573 1092 2636; x_wconf 85' lang='lat' dir='ltr'>viam</span> <span class='ocrx_word' id='word_1_44' title='bbox 1118 2571 1227 2650; x_wconf 89' lang='lat' dir='ltr'>ingre·</span> 
     </span>
     <span class='ocr_line' id='line_1_11' title="bbox 124 2671 1226 2754; baseline -0.001 -19"><span class='ocrx_word' id='word_1_45' title='bbox 124 2673 228 2736; x_wconf 89' lang='lat' dir='ltr'>dienti</span> <span class='ocrx_word' id='word_1_46' title='bbox 244 2673 379 2754; x_wconf 83' lang='lat' dir='ltr'>egregia</span> <span class='ocrx_word' id='word_1_47' title='bbox 398 2673 432 2735; x_wconf 93' lang='lat' dir='ltr'>in</span> <span class='ocrx_word' id='word_1_48' title='bbox 455 2675 547 2737; x_wconf 93' lang='lat' dir='ltr'>omni</span> <span class='ocrx_word' id='word_1_49' title='bbox 567 2694 684 2754; x_wconf 84' lang='lat' dir='ltr'>genere</span> <span class='ocrx_word' id='word_1_50' title='bbox 709 2675 864 2737; x_wconf 83' lang='lat' dir='ltr'>virtutum</span> <span class='ocrx_word' id='word_1_51' title='bbox 889 2673 1047 2754; x_wconf 87' lang='lat' dir='ltr'>exempla</span> <span class='ocrx_word' id='word_1_52' title='bbox 1070 2671 1226 2735; x_wconf 87' lang='lat' dir='ltr'>sufficiet.</span> 
     </span>
     <span class='ocr_line' id='line_1_12' title="bbox 123 2771 1225 2860; baseline -0.003 -24"><span class='ocrx_word' id='word_1_53' title='bbox 123 2772 286 2836; x_wconf 82' lang='lat' dir='ltr'>Habebis</span> <span class='ocrx_word' id='word_1_54' title='bbox 302 2774 337 2835; x_wconf 94' lang='lat' dir='ltr'>in</span> <span class='ocrx_word' id='word_1_55' title='bbox 350 2771 500 2854; x_wconf 85' lang='lat' dir='ltr'>Trajauo</span> <span class='ocrx_word' id='word_1_56' title='bbox 512 2775 619 2837; x_wconf 89' lang='lat' dir='ltr'>virum</span> <span class='ocrx_word' id='word_1_57' title='bbox 637 2781 775 2855; x_wconf 87' lang='lat' dir='ltr'>paterna</span> <span class='ocrx_word' id='word_1_58' title='bbox 792 2775 825 2836; x_wconf 95' lang='lat' dir='ltr'>in</span> <span class='ocrx_word' id='word_1_59' title='bbox 847 2773 993 2860; x_wconf 90' lang='lat' dir='ltr'>populos</span> <span class='ocrx_word' id='word_1_60' title='bbox 1009 2774 1171 2848; x_wconf 88' lang='lat' dir='ltr'>bonitate,</span> <span class='ocrx_word' id='word_1_61' title='bbox 1188 2772 1225 2833; x_wconf 93' lang='lat' dir='ltr'>li-</span> 
     </span>
     <span class='ocr_line' id='line_1_13' title="bbox 122 2873 1225 2959; baseline -0.002 -21"><span class='ocrx_word' id='word_1_62' title='bbox 122 2874 301 2938; x_wconf 80' lang='lat' dir='ltr'>beralitate</span> <span class='ocrx_word' id='word_1_63' title='bbox 329 2875 363 2937; x_wconf 92' lang='lat' dir='ltr'>in</span> <span class='ocrx_word' id='word_1_64' title='bbox 394 2873 546 2940; x_wconf 83' lang='lat' dir='ltr'>homines</span> <span class='ocrx_word' id='word_1_65' title='bbox 572 2877 738 2952; x_wconf 80' lang='lat' dir='ltr'>literatos,</span> <span class='ocrx_word' id='word_1_66' title='bbox 769 2879 802 2939; x_wconf 90' lang='lat' dir='ltr'>in</span> <span class='ocrx_word' id='word_1_67' title='bbox 826 2877 972 2959; x_wconf 89' lang='lat' dir='ltr'>publicis</span> <span class='ocrx_word' id='word_1_68' title='bbox 1000 2875 1225 2939; x_wconf 89' lang='lat' dir='ltr'>monumentis</span> 
     </span>
     <span class='ocr_line' id='line_1_14' title="bbox 119 2975 1224 3060; baseline -0.001 -22"><span class='ocrx_word' id='word_1_69' title='bbox 119 2975 382 3057; x_wconf 87' lang='lat' dir='ltr'>magnificentia,</span> <span class='ocrx_word' id='word_1_70' title='bbox 397 2976 592 3041; x_wconf 86' lang='lat' dir='ltr'>fortitudine</span> <span class='ocrx_word' id='word_1_71' title='bbox 613 2979 646 3040; x_wconf 91' lang='lat' dir='ltr'>in</span> <span class='ocrx_word' id='word_1_72' title='bbox 664 2977 872 3059; x_wconf 84' lang='lat' dir='ltr'>proferendis</span> <span class='ocrx_word' id='word_1_73' title='bbox 888 2978 1020 3060; x_wconf 86' lang='lat' dir='ltr'>imperii</span> <span class='ocrx_word' id='word_1_74' title='bbox 1033 2975 1157 3038; x_wconf 89' lang='lat' dir='ltr'>finibus</span> <span class='ocrx_word' id='word_1_75' title='bbox 1173 2975 1224 3037; x_wconf 92' lang='lat' dir='ltr'>in-</span> 
     </span>
     <span class='ocr_line' id='line_1_15' title="bbox 117 3076 1306 3159; baseline -0.004 -18"><span class='ocrx_word' id='word_1_76' title='bbox 117 3079 272 3158; x_wconf 86' lang='lat' dir='ltr'>signem:</span> <span class='ocrx_word' id='word_1_77' title='bbox 294 3076 566 3143; x_wconf 75' lang='lat' dir='ltr'>inconstantiae</span> <span class='ocrx_word' id='word_1_78' title='bbox 584 3077 722 3159; x_wconf 87' lang='lat' dir='ltr'>Magno,</span> <span class='ocrx_word' id='word_1_79' title='bbox 746 3077 948 3140; x_wconf 83' lang='lat' dir='ltr'>Christianae</span> <span class='ocrx_word' id='word_1_80' title='bbox 971 3076 1143 3157; x_wconf 81' lang='lat' dir='ltr'>religionis</span> <span class='ocrx_word' id='word_1_81' title='bbox 1166 3076 1223 3137; x_wconf 93' lang='lat' dir='ltr'>de·</span> <span class='ocrx_word' id='word_1_82' title='bbox 1304 3114 1306 3120; x_wconf 92' lang='lat'>-</span> 
     </span>
     <span class='ocr_line' id='line_1_16' title="bbox 115 3163 1223 3259; baseline -0.005 -19"><span class='ocrx_word' id='word_1_83' title='bbox 115 3179 288 3240; x_wconf 82' lang='lat' dir='ltr'>sensorum</span> <span class='ocrx_word' id='word_1_84' title='bbox 315 3195 356 3240; x_wconf 89' lang='lat' dir='ltr'>ae</span> <span class='ocrx_word' id='word_1_85' title='bbox 381 3185 637 3259; x_wconf 84' lang='lat' dir='ltr'>propagatorem</span> <span class='ocrx_word' id='word_1_86' title='bbox 659 3194 828 3256; x_wconf 90' lang='lat' dir='ltr'>nunquam</span> <span class='ocrx_word' id='word_1_87' title='bbox 849 3177 933 3240; x_wconf 86' lang='lat' dir='ltr'>satis</span> <span class='ocrx_word' id='word_1_88' title='bbox 962 3163 1156 3237; x_wconf 80' lang='lat' dir='ltr'>laudatum:</span> <span class='ocrx_word' id='word_1_89' title='bbox 1190 3175 1223 3235; x_wconf 92' lang='lat' dir='ltr'>in</span> 
     </span>
     <span class='ocr_line' id='line_1_17' title="bbox 114 3275 1221 3359; baseline -0.004 -19"><span class='ocrx_word' id='word_1_90' title='bbox 114 3276 318 3340; x_wconf 88' lang='lat' dir='ltr'>Theodosio</span> <span class='ocrx_word' id='word_1_91' title='bbox 345 3278 424 3340; x_wconf 87' lang='lat' dir='ltr'>item</span> <span class='ocrx_word' id='word_1_92' title='bbox 450 3277 589 3359; x_wconf 88' lang='lat' dir='ltr'>Magno,</span> <span class='ocrx_word' id='word_1_93' title='bbox 616 3277 854 3359; x_wconf 88' lang='lat' dir='ltr'>imperatorem</span> <span class='ocrx_word' id='word_1_94' title='bbox 875 3275 1020 3358; x_wconf 88' lang='lat' dir='ltr'>justitia,</span> <span class='ocrx_word' id='word_1_95' title='bbox 1044 3275 1221 3357; x_wconf 89' lang='lat' dir='ltr'>probitate,</span> 
     </span>
     <span class='ocr_line' id='line_1_18' title="bbox 112 3376 1221 3460; baseline -0.002 -19"><span class='ocrx_word' id='word_1_96' title='bbox 112 3379 298 3460; x_wconf 85' lang='lat' dir='ltr'>sapientia,</span> <span class='ocrx_word' id='word_1_97' title='bbox 314 3378 439 3443; x_wconf 85' lang='lat' dir='ltr'>bellica</span> <span class='ocrx_word' id='word_1_98' title='bbox 458 3378 590 3454; x_wconf 88' lang='lat' dir='ltr'>virtute,</span> <span class='ocrx_word' id='word_1_99' title='bbox 606 3378 767 3459; x_wconf 86' lang='lat' dir='ltr'>regnandi</span> <span class='ocrx_word' id='word_1_100' title='bbox 791 3386 861 3440; x_wconf 89' lang='lat' dir='ltr'>arte</span> <span class='ocrx_word' id='word_1_101' title='bbox 885 3376 1221 3458; x_wconf 75' lang='lat' dir='ltr'>praestantissimum:</span> 
     </span>
     <span class='ocr_line' id='line_1_19' title="bbox 113 3476 1222 3562; baseline 0 -22"><span class='ocrx_word' id='word_1_102' title='bbox 113 3479 268 3562; x_wconf 89' lang='lat' dir='ltr'>denique</span> <span class='ocrx_word' id='word_1_103' title='bbox 292 3497 378 3561; x_wconf 86' lang='lat' dir='ltr'>quas</span> <span class='ocrx_word' id='word_1_104' title='bbox 402 3478 435 3542; x_wconf 93' lang='lat' dir='ltr'>in</span> <span class='ocrx_word' id='word_1_105' title='bbox 453 3484 528 3541; x_wconf 89' lang='lat' dir='ltr'>&#39;uno</span> <span class='ocrx_word' id='word_1_106' title='bbox 555 3478 699 3543; x_wconf 88' lang='lat' dir='ltr'>Parente</span> <span class='ocrx_word' id='word_1_107' title='bbox 723 3487 781 3542; x_wconf 87' lang='lat' dir='ltr'>tuo</span> <span class='ocrx_word' id='word_1_108' title='bbox 801 3476 1041 3542; x_wconf 87' lang='lat' dir='ltr'>admirabiliter</span> <span class='ocrx_word' id='word_1_109' title='bbox 1063 3477 1222 3540; x_wconf 87' lang='lat' dir='ltr'>collectas</span> 
     </span>
     <span class='ocr_line' id='line_1_20' title="bbox 110 3578 1220 3661; baseline -0.003 -18"><span class='ocrx_word' id='word_1_110' title='bbox 110 3580 259 3643; x_wconf 88' lang='lat' dir='ltr'>virtutes</span> <span class='ocrx_word' id='word_1_111' title='bbox 274 3581 365 3644; x_wconf 85' lang='lat' dir='ltr'>soles</span> <span class='ocrx_word' id='word_1_112' title='bbox 381 3581 509 3657; x_wconf 91' lang='lat' dir='ltr'>intueri,</span> <span class='ocrx_word' id='word_1_113' title='bbox 524 3580 585 3644; x_wconf 87' lang='lat' dir='ltr'>has</span> <span class='ocrx_word' id='word_1_114' title='bbox 605 3581 639 3643; x_wconf 92' lang='lat' dir='ltr'>in</span> <span class='ocrx_word' id='word_1_115' title='bbox 657 3580 796 3661; x_wconf 90' lang='lat' dir='ltr'>singulis</span> <span class='ocrx_word' id='word_1_116' title='bbox 813 3597 951 3661; x_wconf 88' lang='lat' dir='ltr'>sparsas</span> <span class='ocrx_word' id='word_1_117' title='bbox 965 3578 1220 3661; x_wconf 87' lang='lat' dir='ltr'>dissipatasque</span> 
     </span>
     <span class='ocr_line' id='line_1_21' title="bbox 108 3680 745 3763; baseline -0.002 -20"><span class='ocrx_word' id='word_1_118' title='bbox 108 3699 184 3743; x_wconf 91' lang='lat' dir='ltr'>non</span> <span class='ocrx_word' id='word_1_119' title='bbox 200 3680 272 3743; x_wconf 89' lang='lat' dir='ltr'>siue</span> <span class='ocrx_word' id='word_1_120' title='bbox 281 3680 494 3763; x_wconf 88' lang='lat' dir='ltr'>jucunditate</span> <span class='ocrx_word' id='word_1_121' title='bbox 513 3699 745 3761; x_wconf 74' lang='lat' dir='ltr'>recognosces·</span> 
     </span>
    </p>

    <p class='ocr_par' dir='ltr' id='par_1_7' title="bbox 94 3780 1220 4270">
     <span class='ocr_line' id='line_1_22' title="bbox 158 3780 1220 3865; baseline -0.007 -21"><span class='ocrx_word' id='word_1_122' title='bbox 158 3780 232 3844; x_wconf 88' lang='lat' dir='ltr'>Par</span> <span class='ocrx_word' id='word_1_123' title='bbox 257 3791 310 3844; x_wconf 90' lang='lat' dir='ltr'>est</span> <span class='ocrx_word' id='word_1_124' title='bbox 333 3783 444 3864; x_wconf 89' lang='lat' dir='ltr'>igitur,</span> <span class='ocrx_word' id='word_1_125' title='bbox 466 3781 685 3846; x_wconf 86' lang='lat' dir='ltr'>Serenissime</span> <span class='ocrx_word' id='word_1_126' title='bbox 709 3780 888 3865; x_wconf 79' lang='lat' dir='ltr'>Delphina,</span> <span class='ocrx_word' id='word_1_127' title='bbox 910 3781 973 3843; x_wconf 85' lang='lat' dir='ltr'>sub</span> <span class='ocrx_word' id='word_1_128' title='bbox 995 3785 1141 3860; x_wconf 87' lang='lat' dir='ltr'>augusto</span> <span class='ocrx_word' id='word_1_129' title='bbox 1161 3795 1220 3838; x_wconf 92' lang='lat' dir='ltr'>no·</span> 
     </span>
     <span class='ocr_line' id='line_1_23' title="bbox 103 3877 1219 3966; baseline -0.004 -22"><span class='ocrx_word' id='word_1_130' title='bbox 103 3883 208 3946; x_wconf 90' lang='lat' dir='ltr'>mine</span> <span class='ocrx_word' id='word_1_131' title='bbox 232 3890 292 3945; x_wconf 90' lang='lat' dir='ltr'>tuo</span> <span class='ocrx_word' id='word_1_132' title='bbox 310 3901 470 3966; x_wconf 87' lang='lat' dir='ltr'>apparere</span> <span class='ocrx_word' id='word_1_133' title='bbox 494 3881 578 3945; x_wconf 91' lang='lat' dir='ltr'>illud</span> <span class='ocrx_word' id='word_1_134' title='bbox 594 3901 691 3965; x_wconf 86' lang='lat' dir='ltr'>opus,</span> <span class='ocrx_word' id='word_1_135' title='bbox 707 3883 799 3964; x_wconf 93' lang='lat' dir='ltr'>quod</span> <span class='ocrx_word' id='word_1_136' title='bbox 821 3890 857 3945; x_wconf 89' lang='lat' dir='ltr'>et</span> <span class='ocrx_word' id='word_1_137' title='bbox 872 3883 903 3944; x_wconf 89' lang='lat' dir='ltr'>iu</span> <span class='ocrx_word' id='word_1_138' title='bbox 918 3891 995 3945; x_wconf 91' lang='lat' dir='ltr'>tuos</span> <span class='ocrx_word' id='word_1_139' title='bbox 1011 3898 1091 3944; x_wconf 86' lang='lat' dir='ltr'>usus</span> <span class='ocrx_word' id='word_1_140' title='bbox 1116 3877 1219 3959; x_wconf 89' lang='lat' dir='ltr'>Regis</span> 
     </span>
     <span class='ocr_line' id='line_1_24' title="bbox 94 3978 1218 4068; baseline -0.007 -20"><span class='ocrx_word' id='word_1_141' title='bbox 94 3985 214 4068; x_wconf 88' lang='lat' dir='ltr'>jussu</span> <span class='ocrx_word' id='word_1_142' title='bbox 231 3985 304 4048; x_wconf 85' lang='lat' dir='ltr'>exit</span> <span class='ocrx_word' id='word_1_143' title='bbox 322 3985 356 4048; x_wconf 92' lang='lat' dir='ltr'>in</span> <span class='ocrx_word' id='word_1_144' title='bbox 370 3985 489 4060; x_wconf 87' lang='lat' dir='ltr'>lucem,</span> <span class='ocrx_word' id='word_1_145' title='bbox 504 3991 536 4047; x_wconf 91' lang='lat' dir='ltr'>et</span> <span class='ocrx_word' id='word_1_146' title='bbox 552 4002 592 4046; x_wconf 87' lang='lat' dir='ltr'>eo</span> <span class='ocrx_word' id='word_1_147' title='bbox 615 3983 750 4046; x_wconf 89' lang='lat' dir='ltr'>nomina</span> <span class='ocrx_word' id='word_1_148' title='bbox 776 3991 867 4046; x_wconf 84' lang='lat' dir='ltr'>tuum</span> <span class='ocrx_word' id='word_1_149' title='bbox 887 3991 952 4057; x_wconf 88' lang='lat' dir='ltr'>est,</span> <span class='ocrx_word' id='word_1_150' title='bbox 971 3979 1062 4064; x_wconf 91' lang='lat' dir='ltr'>quod</span> <span class='ocrx_word' id='word_1_151' title='bbox 1086 3978 1160 4055; x_wconf 88' lang='lat' dir='ltr'>tibi,</span> <span class='ocrx_word' id='word_1_152' title='bbox 1185 3979 1218 4040; x_wconf 93' lang='lat' dir='ltr'>in</span> 
     </span>
     <span class='ocr_line' id='line_1_25' title="bbox 100 4079 1217 4168; baseline -0.006 -19"><span class='ocrx_word' id='word_1_153' title='bbox 100 4090 265 4150; x_wconf 81' lang='lat' dir='ltr'>veterum</span> <span class='ocrx_word' id='word_1_154' title='bbox 281 4084 478 4168; x_wconf 88' lang='lat' dir='ltr'>Principum</span> <span class='ocrx_word' id='word_1_155' title='bbox 493 4085 651 4151; x_wconf 88' lang='lat' dir='ltr'>laudibus</span> <span class='ocrx_word' id='word_1_156' title='bbox 661 4084 903 4163; x_wconf 88' lang='lat' dir='ltr'>adumbratam,</span> <span class='ocrx_word' id='word_1_157' title='bbox 913 4080 1050 4147; x_wconf 89' lang='lat' dir='ltr'>maximi</span> <span class='ocrx_word' id='word_1_158' title='bbox 1063 4079 1217 4144; x_wconf 89' lang='lat' dir='ltr'>Parentis</span> 
     </span>
     <span class='ocr_line' id='line_1_26' title="bbox 98 4187 496 4270; baseline -0.01 -20"><span class='ocrx_word' id='word_1_159' title='bbox 98 4188 297 4270; x_wconf 88' lang='lat' dir='ltr'>imaginem</span> <span class='ocrx_word' id='word_1_160' title='bbox 314 4187 496 4252; x_wconf 86' lang='lat' dir='ltr'>exhibebit.</span> 
     </span>
    </p>

    <p class='ocr_par' dir='ltr' id='par_1_8' title="bbox 176 4298 1153 4369">
     <span class='ocr_line' id='line_1_27' title="bbox 176 4298 1153 4369; baseline -0.009 -14"><span class='ocrx_word' id='word_1_161' title='bbox 176 4305 301 4369; x_wconf 64' lang='lat' dir='ltr'>Duplam</span> <span class='ocrx_word' id='word_1_162' title='bbox 314 4305 373 4355; x_wconf 79' lang='lat' dir='ltr'>Ver.</span> <span class='ocrx_word' id='word_1_163' title='bbox 384 4304 452 4354; x_wconf 74' lang='lat' dir='ltr'>cns.</span> <span class='ocrx_word' id='word_1_164' title='bbox 592 4304 684 4366; x_wconf 80' lang='lat' dir='ltr'>Paneg.</span> <span class='ocrx_word' id='word_1_165' title='bbox 700 4304 755 4353; x_wconf 86' lang='lat' dir='ltr'>Vet.</span> <span class='ocrx_word' id='word_1_166' title='bbox 1128 4298 1153 4346; x_wconf 85' lang='grc' dir='ltr'><strong>Α</strong></span> 
     </span>
    </p>
   </div>
   <div class='ocr_carea' id='block_1_7' title="bbox 0 0 1516 4852">
    <p class='ocr_par' dir='ltr' id='par_1_9' title="bbox 0 0 1516 4852">
     <span class='ocr_line' id='line_1_28' title="bbox 0 0 1516 4852; baseline 0 14"><span class='ocrx_word' id='word_1_167' title='bbox 0 0 1516 4852; x_wconf 95' lang='lat' dir='ltr'> </span> 
     </span>
    </p>
   </div>
  </div>
 </body>
</html>
