3112 4852
249 407 314 476 228
607 425 641 472 o.
667 423 788 472 rnrnrr
816 423 984 472 suenum

293 569 383 633 Gar.
401 583 547 632 xxxvi.
592 568 624 630 1.
648 567 760 646 Quam
772 567 870 650 juvat
884 585 1014 631 cernere
1028 566 1203 630 aerarium·
1217 566 1345 630 silens·

248 681 282 736 et
296 672 460 755 quietum,
480 677 513 734 et
533 669 631 753 quale
647 677 722 733 ante
746 669 911 732 delatores
936 667 1025 730 erat!
1058 665 1092 730 N
1095 686 1157 730 unc
1183 668 1345 749 tempium

248 773 341 848 iilud,
361 791 447 835 nuno
469 790 545 835 vero
573 769 684 848 Deus;
716 789 782 832 nou
809 766 1026 852 spoliariumb
1048 769 1171 831 civium
1195 777 1346 833 cruenta·

247 893 386 956 rumque
407 873 593 955 praedarum
613 891 739 936 saerum
765 870 1031 954 receptaculum,
1059 889 1098 933 ac
1120 871 1242 932 totuin
1265 871 1344 933 orbe
1398 931 1401 940 ,

248 983 405 1040 terrarum
416 973 525 1038 adhuc
538 975 635 1038 locus
649 981 756 1047 unus,e
779 975 814 1037 in
834 991 901 1057 quo
926 972 1053 1053 optimo
1068 968 1246 1053 principer
1263 971 1342 1035 boui

248 1077 346 1140 maiis
359 1077 504 1161 impares
519 1080 640 1139 essent.
681 1075 713 1138 2.
737 1074 856 1138 Manet
871 1081 981 1137 tamen
995 1072 1099 1136 honor
1113 1071 1234 1153 legum,
1251 1073 1345 1136 nihii·

248 1200 312 1266 que
326 1201 369 1245 ex
389 1179 528 1264 publica
550 1179 691 1242 utilitate
712 1180 933 1253 convulsum
954 1195 1018 1240 uec
1039 1174 1164 1259 poenu‘1
1187 1178 1344 1259 cuiquam

279 1377 293 1402 ⁸
308 1369 366 1419 Sirra
376 1369 456 1419 titiam
465 1370 575 1431 atrapitn.
1006 1367 1017 1400 ⁶
1033 1371 1084 1420 Sub
1094 1368 1180 1431 optimo
1193 1367 1303 1428 Troiano.

248 1433 478 1560 &amalgisum
491 1434 637 1494 majestatem
653 1434 756 1486 retinent
775 1437 839 1496 teger
849 1433 956 1498 fistulae,
973 1439 996 1482 et
1013 1436 1075 1485 uidit
1092 1449 1123 1482 ex
1139 1433 1232 1495 publico
1248 1429 1346 1494 petuma

703 1592 717 1610 θ
721 1591 733 1609 0
736 1591 885 1612 ΝΝΜΜ

281 1690 348 1740 Car.
360 1701 461 1738 xxxvi.
494 1693 507 1736 l
526 1689 710 1752 conjecturam
720 1689 847 1738 Gronorii
861 1690 886 1738 iu
897 1689 974 1738 otm.
985 1703 1023 1738 ιν.
1032 1705 1058 1752 p.
1069 1693 1127 1737 2⁵5.
1138 1703 1199 1737 nnnc
1209 1701 1263 1736 vere
1273 1688 1344 1742 ader,

247 1761 406 1816 receperunt
418 1754 498 1803 Germ
509 1761 537 1802 et
548 1753 648 1816 Gierig.
684 1753 783 1802 Omnes
796 1754 872 1802 codd.
884 1762 1030 1817 ceteraeque
1042 1754 1102 1802 erid.
1112 1754 1208 1800 habeut
1218 1765 1280 1800 runo
1291 1765 1346 1798 rere

247 1819 323 1869 Deua.
355 1817 421 1866 Vide
432 1819 508 1868 Nott.
520 1818 595 1867 Vnrr.
615 1817 816 1880 contrariumque
825 1821 961 1880 praedarum
974 1824 1099 1867 mearum
1118 1818 1211 1866 Pater.
1232 1823 1260 1863 et
1278 1815 1344 1864 Ero.

247 1881 325 1931 Voss.
357 1882 404 1932 ‘dr
414 1888 465 1931 toto
529 1882 618 1944 errent]
636 1882 688 1930 Hic
701 1883 772 1930 iocus
782 1883 873 1930 mirum
885 1884 911 1931 in
923 1881 1025 1930 modum
1044 1882 1162 1930 exercuit
1178 1881 1345 1940 interpretes.

245 1946 407 1996 Schwarzius
417 1946 514 1995 aeriter
525 1945 654 2000 defendit,
670 1960 698 1994 ac
709 1960 742 1994 ex
753 1947 924 1996 antecedente
938 1946 1067 2009 particula
1079 1945 1201 2006 negativa
1211 1957 1278 1992 nunc
1288 1954 1344 1990 rua·

247 2025 354 2074 pensam
368 2011 417 2058 rim
429 2011 541 2071 negandi
552 2010 693 2071 asciscere,
709 2017 790 2071 atque
802 2010 869 2058 adeo
881 2025 927 2073 pro
937 2025 1009 2072 neque
1020 2010 1132 2072 positum
1144 2023 1200 2058 estc
1212 2024 1220 2068 ς
1235 2021 1345 2070 eamque

246 2075 367 2139 loquendi
379 2073 485 2123 formam
498 2075 613 2138 pluribus
625 2073 749 2135 exemplis
766 2075 884 2124 illustrat.
918 2076 1013 2122 Verum
1034 2074 1078 2121 itia
1097 2073 1155 2136 ipsa
1171 2072 1293 2131 exemplu
1311 2071 1344 2120 ab

243 2153 277 2188 eo
290 2137 502 2200 prolatadocent‚
521 2138 546 2186 id
565 2137 622 2188 tieri
639 2152 691 2187 nou
709 2137 757 2185 nisi
778 2148 841 2198 tum,
859 2153 916 2187 cum
936 2140 1020 2187 oratio
1040 2137 1143 2186 minime
1155 2136 1275 2198 ambigua
1286 2149 1344 2183 esee

245 2210 348 2266 potem
367 2202 433 2264 quod
447 2217 514 2252 nuuc
523 2216 598 2252 mous
607 2209 655 2250 eat.
681 2200 709 2250 Si
721 2208 820 2250 certum
831 2202 980 2258 haberetur,
991 2203 1104 2251 Plinium
1118 2214 1211 2264 negare
1225 2201 1345 2259 voluisse,

244 2267 354 2328 reperiri
367 2269 451 2314 iocum
462 2281 550 2322 unum,
568 2267 594 2314 in
605 2281 666 2330 quo,
675 2267 725 2312 dre.
739 2266 840 2326 meiius,
851 2267 953 2327 opinor,
965 2265 1042 2327 foret,
1053 2280 1101 2327 pro
1111 2281 1139 2314 nc
1149 2265 1280 2314 rarissima
1291 2279 1346 2314 mu·

245 2332 345 2380 tatione
360 2343 402 2377 nec
417 2330 576 2390 rescribam
595 2338 698 2378 constat
708 2329 776 2376 euim
788 2330 833 2378 has
845 2329 908 2378 drrar
921 2331 1023 2379 voculas
1041 2330 1181 2392 sepissime
1200 2344 1216 2377 a
1234 2328 1344 2377 librariis

244 2392 442 2443 esseconfusas.
475 2393 527 2442 Sed
539 2408 587 2441 uec
598 2395 654 2442 iraec
664 2393 730 2442 rutio
742 2393 802 2441 miiri
812 2392 948 2442 satisfacit.
982 2393 1126 2447 Quincuim
1139 2395 1246 2443 Latinus
1264 2392 1343 2450 dicet,

243 2459 338 2508 Nullus
348 2460 418 2507 iocus
430 2466 479 2514 eat,
492 2460 517 2506 in
528 2473 578 2522 quo
590 2459 613 2506 b.
623 2474 657 2506 m.
670 2458 781 2520 imperor
792 2463 887 2508 emerit
910 2459 994 2521 Leges
1008 2460 1100 2518 linguar
1114 2460 1199 2519 potius
1211 2457 1344 2519 postulant

170 2525 172 2530 '
244 2524 304 2575 rur.
336 2521 400 2571 Tum
412 2521 522 2573 offendit
534 2538 575 2570 mc
585 2523 663 2571 etiam
677 2521 739 2570 iliud
750 2523 835 2583 adduc,
851 2523 921 2586 quod
932 2537 965 2570 ex
977 2523 1022 2572 iiia
1034 2524 1134 2570 ratione
1147 2523 1189 2570 vix
1201 2523 1264 2569 satit
1275 2535 1343 2568 com·

242 2585 320 2638 ruodo
341 2588 467 2650 errpiicari
486 2593 582 2650 potest.
614 2586 685 2638 Quid
696 2586 793 2648 igitur?
816 2587 941 2650 Equidem
955 2601 1104 2650 persuasum
1117 2587 1176 2635 mihi
1187 2581 1279 2641 habeo,
1294 2585 1344 2632 Pii·

243 2652 314 2728 nium
333 2664 380 2714 pro
396 2668 425 2700 nc
441 2653 576 2728 scripsisse
591 2655 640 2714 qni.
673 2652 846 2726 0¹3⁰.⁸!¹¹¹¹.t‘i›
865 2652 947 2699 omnis
967 2653 1101 2700 evanescit
1118 2649 1265 2726 difficultas.
1292 2649 1343 2723 ¹Sic

242 2715 1342 2854 32:2¹tit?{tritoittttttttttttttbiztttf,ttttttfi'tttttt

243 2846 342 2906 optimo
353 2846 481 2906 principe,
492 2845 591 2904 Nerva,
603 2847 648 2890 ant
659 2842 728 2891 forte
737 2843 815 2890 etiam
827 2844 949 2905 Trajauo,
961 2845 1113 2904 imperante,
1124 2842 1184 2891 boni
1200 2841 1275 2889 maiis
1296 2840 1344 2888 im·

195 2921 196 2924 ’
244 2905 434 2970 precessissent?
455 2907 549 2967 Gierig.
583 2907 668 2968 inquo
684 2905 749 2960 tort,
762 2906 849 2967 optimo
864 2908 981 2968 principe,
997 2909 1067 2955 omlis
1080 2907 1183 2969 impuras
1197 2904 1342 2954 eracutcod.

737 3048 846 3098 NOTAE

275 3157 288 3184 ⁸
303 3147 438 3210 AErnrirtm]
449 3149 533 3198 Locus
542 3147 585 3197 ubi
596 3147 774 3211 reponebatur
812 3149 874 3196 rium
886 3149 1059 3211 metaphorice
1071 3147 1189 3196 sumitur.

242 3227 346 3290 publicu
358 3226 478 3289 pecunia.
494 3225 586 3273 Iterat
598 3224 773 3273 Saturnitem·
845 3231 856 3258 ⁰
872 3225 949 3273 urus
968 3223 1041 3284 ιιιιιιι]
1057 3222 1164 3271 Saturni
1186 3219 1266 3282 redes,
1289 3219 1343 3276 ubi,

242 3303 323 3366 pium,
333 3301 444 3351 fortasse
453 3301 520 3365 quod
530 3301 554 3348 in
563 3301 619 3361 ejus
627 3299 679 3348 Dei
690 3301 773 3348 tudela
813 3315 870 3364 qua
890 3300 1014 3363 principis
1031 3299 1132 3348 bonitas
1144 3304 1193 3357 eat,
1206 3297 1247 3360 qui
1258 3295 1342 3344 aersrii
1401 3331 1404 3340 ,

242 3379 354 3443 positum
377 3379 459 3428 tutius
481 3378 627 3440 videbatur,
653 3377 724 3438 cujus
746 3377 772 3424 in
813 3383 900 3439 partes
919 3383 1032 3436 tuentur,
1051 3374 1129 3424 etiam
1142 3372 1234 3420 daumo
1248 3371 1342 3434 princi·

242 3470 323 3517 reguo
335 3469 366 3503 ac
375 3462 491 3516 tempore
503 3452 599 3502 furtum
611 3453 707 3500 nulium
719 3451 772 3501 fac·
814 3451 863 3514 pis,
875 3460 967 3501 contra
978 3451 1055 3500 maior
1067 3458 1094 3498 et
1109 3448 1270 3498 fraudatores
1282 3461 1341 3494 ran·

244 3537 298 3580 tum
309 3529 389 3578 fuisse
400 3529 559 3577 crederetur.
606 3519 610 3523 ’
812 3540 866 3574 sam
878 3541 947 3590 saepe
960 3528 1094 3576 amittunt.
1125 3525 1177 3574 Hic
1191 3523 1300 3578 Plinius,
1314 3527 1342 3569 ut

275 3604 287 3637 ¹²
303 3603 458 3667 Spoliorinm]
475 3603 585 3665 Proprie
594 3602 673 3656 iocur,
684 3601 710 3649 in
722 3616 772 3666 quo
812 3601 942 3650 interdum
951 3601 980 3650 fit
989 3603 1056 3665 apud
1062 3601 1342 3666 jrrrisconsuitos,aera-

242 3681 384 3744 ingressuri
407 3680 499 3729 balnea
522 3689 606 3728 restes
634 3678 774 3728 exuebant.
814 3677 878 3724 rium
899 3678 978 3726 sumit
996 3679 1128 3740 produco.
1163 3678 1339 3737 Praeterquaru

243 3759 292 3808 Rei
304 3755 473 3805 similitudine
484 3755 521 3804 sic
535 3755 621 3803 dictus
637 3761 676 3804 est
693 3743 773 3815 locus,
813 3753 882 3816 quod
892 3755 960 3801 enim
971 3768 1022 3802 non
1035 3754 1139 3802 oscetin
1154 3750 1269 3815 principe
1288 3751 1340 3797 lau-

243 3835 286 3884 ubi
299 3833 470 3899 gladiatorum
489 3840 574 3882 restes
587 3840 613 3881 et
624 3837 773 3880 ornamenta
813 3828 935 3888 dandum,
948 3828 968 3877 si
980 3827 1098 3877 ararium
1109 3828 1263 3890 negiigeret,
1274 3824 1341 3872 iraud

243 3903 425 3964 servabantur,
449 3914 494 3956 aut
514 3922 564 3971 quo
587 3905 773 3955 deferebantur
813 3903 891 3952 dubie
903 3904 976 3964 hujus
988 3903 1038 3952 ioci
1053 3903 1195 3965 explicatio
1212 3909 1261 3959 est,
1272 3901 1340 3964 quod

243 3983 304 4046 ipsi,
323 3983 344 4032 ai
361 3984 420 4032 caesi
439 3981 544 4042 foreut;
560 3981 601 4030 vei
612 3992 640 4029 ut
652 3995 772 4030 sanaren·
813 3991 872 4027 mox
884 3979 965 4041 addit,
981 3980 1054 4042 ‘qua
1070 3979 1191 4042 principis
1200 3977 1280 4042 gioria
1292 3987 1340 4032 est,

244 4065 296 4113 tur,
309 4058 330 4106 ai
340 4058 469 4107 vulnerati
480 4064 598 4118 tantum;
613 4057 655 4104 vei
672 4057 694 4104 si
712 4057 772 4106 vitat
813 4057 909 4118 saepius
921 4053 1032 4104 vincitur
1042 4053 1138 4104 tiseos’

243 4133 392 4195 spernitur,
408 4133 544 4184 utibidem
557 4133 774 4182 interficerentur.
802 4183 806 4187 ,
844 4129 925 4180 ‘Nec
943 4128 1025 4194 praru]
1049 4130 1111 4179 Non
1134 4128 1243 4178 sublatae
1262 4129 1342 4192 leger,

245 4208 337 4257 videri
349 4216 437 4271 potest
447 4208 610 4272 Lampridius
620 4209 646 4257 in
656 4207 773 4258 Commo·
814 4205 905 4270 quibua
916 4213 1020 4274 cautum
1032 4213 1098 4269 erat,
1110 4213 1139 4254 ut
1149 4205 1210 4254 maii
1223 4205 1343 4267 puniren-

245 4284 287 4348 do,
297 4284 396 4334 Seneca
407 4285 456 4348 Ep.
467 4289 508 4336 ⁹3.
523 4284 576 4335 Hic
589 4289 675 4335 autem
686 4283 771 4347 rpnlio·
813 4289 865 4344 tur,
881 4283 926 4332 red
937 4284 995 4334 alia
1007 4281 1104 4333 additae
1118 4289 1189 4347 sunt,
1199 4286 1229 4332 ut
1241 4281 1341 4332 delato·
