3112 4852
421 480 427 498 ,
533 425 815 514 annueramus.
862 411 961 476 124.
1236 414 1300 478 195

197 581 233 640 tu
255 571 405 658 quotidie
428 570 655 636 admirabilior
676 576 710 635 et
731 570 867 652 melior3
900 569 978 634 talis
1002 568 1154 652 denique,
1180 573 1300 655 quales

196 677 254 745 alii
272 673 441 757 principes
455 672 588 737 futuros
612 692 650 736 se
674 678 804 736 tuntum
828 672 1038 755 pollicentur.
1083 670 1200 734 Solum
1221 692 1299 755 ergo

196 783 228 840 te
242 774 456 840 commendat
470 778 633 856 augetque
656 776 818 855 temporis
840 773 997 855 spatium.
1040 771 1063 836 J
1067 773 1195 836 unxisti
1210 775 1299 837 enim

197 898 237 941 ac
255 875 422 940 miscuisti
437 892 488 937 res
504 874 768 950 diversissimas,
781 871 1021 938 securitatemb
1037 874 1118 937 olim
1134 876 1300 957 imperau-

199 981 254 1055 tis,
280 983 312 1041 et
338 976 529 1060 incipientis
551 975 724 1057 pudorem.
756 975 801 1039 ·2.
826 975 906 1038 Non
929 979 964 1039 tu
985 976 1108 1040 civium
1124 977 1299 1059 amplexus

197 1080 238 1144 ad
255 1079 384 1162 pedes⁰
408 1081 483 1140 tnos
499 1076 673 1161 deprimis,
689 1096 752 1140 nec
769 1078 924 1141 osculum
940 1095 1039 1140 manu
1055 1078 1179 1142 reddis.
1224 1078 1298 1142 Ma-

654 1247 828 1270 omnm„

196 1337 310 1398 Berneg.
322 1337 406 1384 Banu.
418 1342 446 1384 et
459 1333 575 1382 Paterni.
591 1339 683 1382 contra
699 1347 787 1382 omnes
805 1333 868 1382 alios
883 1332 958 1384 codd.
970 1342 996 1384 et
1008 1335 1068 1384 edd.
1079 1341 1145 1386 vett.
1171 1335 1236 1385 Cod.
1247 1333 1299 1384 Pe·

197 1410 250 1450 sas.
262 1399 598 1463 supernumerarius
613 1398 742 1461 principer.
775 1403 782 1426 ‘
796 1399 870 1448 Beue
879 1400 976 1448 omittit
987 1401 1069 1448 codex
1081 1401 1131 1448 Ms.
1144 1401 1298 1462 particulam

194 1466 250 1514 olirs
271 1479 328 1542 quse
342 1466 423 1526 primo
435 1467 492 1511 loco
503 1463 686 1525 intempestive
698 1463 836 1525 interiecta
846 1473 886 1511 est
899 1464 937 1512 bis
949 1463 1049 1514 duabus
1060 1465 1184 1513 vocibus:
1203 1478 1258 1512 res.
1271 1498 1278 1512 .
1291 1497 1298 1513 .

194 1501 376 1577 discissusimns.
409 1528 508 1578 Eadem
526 1527 593 1576 enirn
605 1527 677 1576 brevi
690 1527 826 1576 verborum
840 1526 935 1576 ambitu
948 1530 1103 1578 molestabis
1115 1534 1279 1592 repeteretur
1291 1545 1299 1588 ;

196 1609 254 1642 cum
267 1608 325 1642 mox
338 1602 472 1657 aequatur,
494 1592 682 1641 ‘secturitetem
701 1592 761 1641 olim
783 1593 952 1656 imperantis·
984 1594 1036 1643 Ubi
1057 1595 1135 1642 ‘olim
1152 1595 1282 1656 imperans
1291 1593 1305 1644 ⁵.

195 1659 240 1706 ille
254 1667 369 1719 vocatur,
380 1659 424 1721 qni
437 1657 492 1719 jam
511 1656 555 1704 diu
568 1665 594 1705 et
613 1656 715 1719 alonge
728 1667 846 1719 tempore
858 1655 965 1720 praefuit
979 1657 1094 1721 imperio,
1108 1657 1237 1722 adeoque,
1243 1659 1298 1720 jam

195 1723 348 1771 confirmatu
359 1729 491 1784 potestate
503 1735 559 1784 suu,
571 1721 687 1770 sacnrins
698 1729 726 1769 et
742 1721 881 1770 animosius
900 1723 967 1786 ugit3
984 1736 1042 1772 cnm
1052 1722 1080 1784 ii,
1092 1723 1135 1787 qni
1146 1723 1223 1772 modo
1235 1723 1300 1771 inci·

195 1787 270 1849 pinnt
285 1789 424 1850 imperare,
442 1785 500 1835 fere
514 1787 615 1834 cantius
628 1784 712 1834 adhuc
723 1794 750 1833 et
763 1786 955 1847 modestiaque
967 1789 1040 1848 qnasi
1053 1788 1175 1848 timidius,
1188 1801 1242 1836 rem
1254 1802 1299 1850 ge·

196 1859 263 1900 rant.
298 1851 412 1900 Eandem
432 1851 563 1899 notionem
583 1849 683 1898 Plinius
701 1850 863 1900 tribuitbuic
876 1851 1010 1913 particulae
1021 1852 1085 1907 olim,
1097 1852 1182 1914 Epist.
1194 1855 1298 1901 vindi.

196 1914 285 1965 ‘Olim
296 1916 322 1964 in
331 1929 433 1978 manus,
445 1929 495 1964 uon
507 1916 602 1976 stylum
614 1913 713 1963 sumai!
734 1915 779 1962 Sic
792 1929 852 1963 vero
864 1929 913 1964 nec
925 1915 1057 1979 Beroaldi,
1065 1929 1113 1964 uec
1122 1914 1184 1964 Aldi
1195 1924 1222 1964 et
1232 1915 1299 1964 Jun-

195 1987 229 2029 trs
242 1985 270 2028 et
280 1979 402 2044 Grypbii,
414 1993 462 2028 nec
472 1978 622 2040 cuspiniani
633 1987 661 2027 et
673 1979 868 2040 Parisiensium,
879 1979 938 2027 libri
950 1978 1078 2044 impressi,
1091 1981 1167 2028 istam
1179 1981 1298 2028 voculam

195 2045 320 2122 inpriore
338 2047 394 2120 loco
410 2041 581 2154 agnoscunt}
590 2042 711 2118 Schwart-
743 2044 750 2070 ‘
764 2043 889 2091 Meudum
902 2044 943 2092 bic
955 2057 1005 2092 uon
1023 2045 1160 2120 sustulisti,
1172 2043 1217 2120 sed
1231 2044 1297 2120 intu-

195 2108 1193 2236 ltinltttutttl'lt:tttl'tt::tlt¹.b:¹st.ttbruttii
1202 2121 1297 2222 till:

195 2238 267 2286 canti
281 2252 320 2285 res
330 2238 386 2286 olim
396 2236 580 2295 diuersissimas,
588 2237 741 2285 semrituteru
750 2236 899 2298 irnperuntir,
909 2242 934 2285 et
942 2239 1105 2301 precipientis
1118 2241 1239 2299 pudeam,
1248 2239 1297 2286 boc

194 2312 245 2362 est,
265 2302 427 2351 verecundus
447 2315 475 2349 es
492 2301 519 2349 in
538 2301 716 2363 precipiendo
734 2298 877 2364 dandisque
900 2301 1035 2352 mandatis.
1070 2303 1160 2352 Simile
1178 2311 1219 2352 est
1232 2301 1296 2351 illud

194 2366 277 2415 Taciti
290 2365 381 2429 Agris.
397 2379 442 2414 ιιι.
453 2371 479 2413 1.
496 2366 505 2392 ‘
518 2366 608 2415 Nerva
618 2379 660 2414 res
675 2365 736 2414 oiim
755 2365 935 2416 dissociabiles
953 2367 1068 2428 miscuit,
1080 2368 1253 2430 principatum
1266 2381 1297 2416 ac

193 2429 379 2480 libertatern.'’
397 2428 515 2480 Hermon.
548 2432 556 2458 ⁴
568 2429 632 2478 Viro
643 2430 677 2479 cl.
688 2443 739 2477 non
751 2430 888 2491 assentior,
898 2430 977 2479 nihilo
986 2433 1053 2480 enim
1065 2433 1198 2481 meliorem
1210 2429 1298 2480 reddit

194 2497 350 2545 sententiam
365 2496 423 2544 tslis
435 2494 574 2555 correctio,
590 2501 618 2542 et
630 2492 760 2543 satisfacit
773 2495 847 2557 plane
864 2495 1018 2557 optimarum
1031 2495 1092 2546 edd.
1104 2496 1233 2559 scriptura
1244 2496 1297 2544 Po·

195 2557 614 2610 16611476.ἰὀιιο1.1498.Α16.
632 2559 709 2607 Frob.
728 2559 799 2607 Sicb.
816 2559 900 2607 Lirin.
919 2559 1016 2608 Hesru.
1031 2563 1079 2607 dre.
1096 2559 1297 2621 astipulantibus

197 2625 275 2675 Voss.
292 2633 320 2673 et
334 2624 449 2686 Gnelpb.
483 2623 642 2672 Insolentior
659 2622 819 2672 constructio
833 2620 954 2684 offendit,
965 2639 1022 2686 quse
1034 2624 1122 2672 atatim
1134 2631 1246 2686 apparet
1263 2635 1297 2672 ex

194 2689 358 2752 oppositione
369 2689 413 2738 τοῦ
422 2688 560 2750 incipientis
567 2702 578 2745 ,·
594 2685 709 2751 adeoque
720 2687 776 2734 otim
791 2687 930 2747 imperantis
944 2697 984 2734 est
995 2688 1040 2735 diu
1052 2689 1209 2750 imperantis,
1221 2688 1297 2750 cujus

196 2753 333 2816 imperium
345 2752 660 2830 temporisudiuturnivtete
679 2756 721 2799 est
736 2749 885 2862 figmutumss
894 2749 988 2841 ‘Arrun
1023 2752 1085 2826 Vid.
1097 2751 1174 2828 ¹blott.
1187 2752 1298 2828 Vara·—

194 2819 385 2945 biristet
404 2814 1298 2946 11111111111111.1ι1ι....1ζ“111..1111111161

194 2949 220 2995 in
232 2947 382 3010 cuspiniani
399 2946 461 3008 legi,
481 2959 533 3008 qsoe
549 2945 639 3007 prioris
655 2943 808 3001 bumnuitnsr
828 2959 885 2992 cum
906 2943 1028 2994 distincte
1042 2946 1098 3009 jem
1116 2946 1211 2995 ibidem
1235 2953 1297 2995 ante

194 3012 309 3088 Lipsiups
323 3010 482 3073 descriptum
493 3008 583 3072 inerit,
600 3025 651 3072 quoe
670 3011 737 3071 prior
753 3011 802 3056 oris
812 3008 956 3058 tumuitus.
992 3010 1022 3058 In
1039 3011 1131 3059 codice
1150 3011 1201 3060 Me.
1214 3018 1298 3074 extat,

193 3091 247 3152 quar
254 3076 392 3189 prgmuloris
407 3075 550 3186 bmmqitus.
582 3073 706 3185 {⁰⁸⁰2}
719 3087 780 3185 rSerlp
792 3073 837 3121 illa
854 3074 1005 3183 Cpslpiuiani
1017 3083 1045 3150 et
1057 3075 1138 3150 lippii
1150 3075 1228 3122 lectio
1240 3076 1297 3150 9¹?-

193 3140 1296 3263 ttt'tnt.tlt⁰1³tttttt:„ttrt.·....⁶.ttt,‚...tbttttttttltltlt

191 3269 291 3331 prioris,
310 3266 439 3330 quomodo
458 3267 561 3315 Putecl.
578 3269 652 3316 1416.
665 3265 759 3315 Venet.
775 3267 847 3312 1498.
863 3264 926 3312 Asc·
940 3265 1012 3315 sich.
1023 3274 1050 3314 et
1063 3266 1175 3315 nonnulli
1188 3265 1240 3326 alii,
1252 3267 1296 3330 qui

194 3347 269 3382 error
282 3331 342 3382 inde
354 3339 446 3394 natus,
458 3332 518 3393 qnia
528 3332 611 3379 literae
624 3330 662 3378 bis
674 3329 826 3392 repetendas
840 3335 941 3377 tentum
953 3330 1033 3378 semel
1044 3332 1228 3380 scriberentur.
1253 3331 1296 3381 De

194 3409 246 3461 quo
259 3411 328 3446 more
340 3411 398 3458 sup.
410 3400 498 3458 cap-2.
507 3400 532 3444 6.
545 3396 622 3458 quale
631 3393 719 3442 vitium
731 3407 782 3457 ope
792 3394 888 3442 codicis
900 3393 1040 3443 tollendum
1049 3409 1082 3444 ex
1093 3395 1296 3459 Hegesippolib.

194 3476 214 3510 ι.
225 3461 258 3510 de
266 3460 358 3510 Excid.
368 3460 472 3510 Hieros.
484 3474 542 3522 cop.
553 3463 594 3508 41.
606 3474 632 3522 p.
645 3462 702 3507 loe.
720 3457 881 3507 ‘Archelaus
894 3460 963 3507 solus
971 3459 1103 3523 excipitur
1114 3475 1147 3508 ex
1159 3460 1296 3524 Cappado-

194 3524 258 3585 eia3'
269 3526 368 3575 scilicet
381 3525 585 3586 rescribendum,
595 3530 603 3552 ‘
613 3524 671 3572 Rex
683 3522 876 3586 Cappadocia.¹
894 3523 988 3587 Aldus,
997 3523 1148 3588 Ascensus,
1158 3525 1260 3589 Grypir.
1270 3533 1297 3574 et

690 3635 799 3686 NOTAE

189 3737 234 3799 jos
245 3735 367 3786 introitus
380 3749 483 3800 pompa,
501 3733 594 3798 quibus
611 3735 724 3796 imposu-
766 3732 878 3794 cipiunt,
889 3733 957 3782 inest
975 3733 1057 3797 pudor
1069 3733 1171 3797 qnidam
1184 3741 1211 3781 et
1224 3745 1296 3781 vere·

192 3813 258 3861 isset
268 3813 449 3860 necessitatem
460 3811 553 3874 dignos
571 3825 600 3858 se
617 3810 664 3858 boc
681 3809 724 3857 iso·
766 3807 869 3856 cundia.
902 3805 949 3868 Ar,
966 3808 1051 3871 inquit
1069 3809 1179 3868 Plinius,
1198 3814 1296 3856 utrum·

193 3887 406 3937 uerereddendi.
434 3887 504 3936 Plio.
517 3887 600 3950 Epist.
614 3890 726 3936 rur-24·
766 3898 826 3945 quse,
852 3883 978 3945 Traiane,
1003 3883 1138 3946 conjungis
1163 3883 1293 3943 mirifice;

193 3964 315 4013 ‘Onerat
326 3971 498 4027 tequaesturoe
507 3971 559 4012 tnae
568 3961 653 4022 famu
665 3975 725 4011 one·
766 3960 834 4021 ejus,
851 3961 894 4022 qui
910 3960 965 4022 jam
986 3959 1031 4008 din
1050 3966 1151 4022 regnat,
1170 3961 1295 4008 securita-

193 4047 233 4087 rat
246 4037 423 4087 testimonium
436 4035 580 4102 principis.’
766 4043 835 4096 tem;
854 4036 909 4098 ejus
927 4035 970 4100 qui
993 4035 1095 4098 incipit,
1114 4034 1294 4084 verecundiam

226 4112 237 4146 b
247 4111 421 4174 Securitatem]
439 4114 491 4164 Qui
502 4113 546 4162 diu
557 4113 726 4176 imperarunt,
765 4117 792 4159 et
804 4110 939 4172 podorem.

193 4197 301 4254 propter
328 4188 506 4238 confirmatum
542 4188 724 4236 auctoritatem
797 4185 954 4249 carperes]
982 4186 1017 4234 Ut
1031 4185 1158 4247 Caligula,
1170 4187 1242 4250 cnjus
1253 4203 1294 4239 su·

193 4279 276 4326 suam,
289 4263 345 4327 jem
363 4263 414 4313 sibi
432 4263 527 4325 fidunt,
540 4271 618 4326 atque
629 4262 654 4311 in
667 4271 725 4312 tuto
767 4262 882 4326 perbium
895 4277 925 4310 aa
937 4263 963 4312 in
976 4275 1003 4310 re
1015 4267 1087 4310 notet
1098 4261 1244 4310 Ssretonins.

192 4339 242 4390 sibi
255 4339 376 4392 videntur
388 4353 460 4400 esse,
478 4340 505 4389 iu
517 4339 547 4389 iis
559 4352 619 4390 rere
631 4339 675 4406 qui
687 4340 725 4388 in·
