3100 4854
479 406 511 452 c.
536 401 657 450 ιιιιιιι
683 399 833 454 oncrum
858 365 1035 447 securior.
1239 383 1302 446 101

204 565 291 610 urum
308 545 456 609 omnium
468 564 561 627 saepe
575 545 750 625 eligeretur
766 563 787 608 a
802 549 929 620 senatu,
942 543 999 626 qui
1012 541 1214 608 ulilioternm
1230 563 1305 625 pro-

204 649 402 722 vinciarum,
419 645 570 728 aliasque
586 646 620 709 id
635 666 737 728 genus
752 645 896 714 illustres
921 663 1042 709 causas
1058 645 1254 727 susciperet,
1277 663 1310 721 et

205 768 226 812 a
246 748 351 810 variis
376 746 509 828 oppidis
528 755 690 828 patronus
707 752 891 829 optaretur.
936 746 1017 828 Ipse
1032 745 1174 811 Tifernii
1190 748 1308 830 oppidi

204 849 356 912 meminit
367 847 433 928 Ep.
445 863 496 908 ιν.
510 849 541 910 l.
580 848 634 911 Ita
648 867 710 910 sex
724 849 829 912 ferme
845 847 941 912 antris
955 849 990 911 in
1004 847 1076 911 foro
1093 867 1213 930 magne
1228 869 1305 913 curn

203 949 301 1013 laude
319 949 505 1025 transactis,
518 947 659 1031 primurn
676 950 886 1030 imperatoris
900 955 1059 1030 quaestor,
1070 953 1139 1011 tum
1156 949 1306 1012 tribunus

203 1049 316 1132 plebis
332 1048 454 1123 factus,
469 1047 534 1130 Ep.
552 1065 619 1112 vrr.
636 1049 688 1112 16.

202 1281 269 1346 An.
294 1281 338 1346 U.
370 1281 409 1347 G.
437 1298 635 1346 ncccxnu.
690 1281 765 1347 Chr.
799 1298 973 1348 cxxxix.
1027 1281 1216 1348 Domitiani
1247 1297 1304 1346 rx·

627 1384 735 1450 AEtat.
751 1399 882 1446 xxvrr.

245 1577 466 1641 Tribunatum
482 1578 617 1659 excepit
632 1587 781 1660 praetura
795 1597 881 1641 enno
896 1583 1074 1660 antequam
1091 1593 1152 1657 pet
1167 1579 1302 1638 aetatem

201 1679 322 1742 liceret
344 1679 430 1742 bunc
452 1680 612 1741 bonorem
635 1679 848 1760 contingere;
868 1697 966 1760 quem
982 1679 1211 1759 magistratum
1232 1675 1304 1740 Pli-

201 1781 280 1842 nius
303 1780 420 1860 gessit,
444 1799 519 1842 cum
545 1779 666 1842 eruditi
689 1797 806 1841 omnes
829 1777 1047 1861 inprimisque
1069 1778 1259 1860 philosophi
1281 1795 1303 1840 a

202 1879 396 1944 Domitiano
411 1880 612 1964 imperatore
627 1879 835 1962 pellerentur.

244 1981 315 2044 Sub
339 1989 489 2044 extrema
513 1981 699 2044 Domitiani
722 1987 883 2062 tempora,
906 1999 982 2042 cum
1010 1977 1178 2042 Herennio
1203 1979 1302 2042 Sene·

198 2063 296 2145 cione
320 2081 508 2146 advocatus
530 2081 632 2146 datus
657 2081 795 2145 Baeticis
819 2087 936 2144 contra
958 2080 1113 2148 Baebium
1136 2079 1300 2158 Massam,

199 2183 258 2264 qui
282 2202 343 2246 eos
365 2183 547 2265 proconsul
571 2182 748 2264 expilaret,
764 2182 899 2246 liberius
916 2182 1024 2264 paulo
1047 2197 1146 2263 quam
1171 2185 1302 2264 tempo-

197 2303 270 2348 rum
286 2285 437 2349 conditio
452 2285 563 2361 terret,
579 2285 740 2365 loquitur.
786 2282 889 2361 Quod
904 2284 963 2345 ubi
980 2281 1086 2346 audiit
1101 2281 1227 2356 Nerva,
1243 2285 1300 2365 qul
1324 2339 1328 2344 .

199 2395 269 2450 tum
293 2386 425 2450 Terenti
448 2403 523 2450 cum
547 2388 643 2450 bonis
664 2383 896 2462 multis,'teste
920 2385 1126 2448 Philostrato
1147 2385 1207 2451 lib.
1230 2401 1299 2450 vrr.

198 2490 373 2562 exulabat,
398 2487 548 2552 ‘missis’
571 2486 661 2550 illico
689 2488 733 2551 ed
760 2485 907 2551 Plinium
932 2487 1161 2566 ‘gravissimis
1184 2488 1299 2564 literis,

197 2609 264 2652 non
288 2590 321 2652 ei
344 2588 465 2664 solum,
479 2607 594 2653 verum
616 2590 716 2652 etianr
739 2589 867 2652 sacculo
891 2588 1088 2668 gratulatus,
1106 2588 1160 2650 cui
1185 2607 1299 2650 exem·

198 2689 317 2771 plum,’
338 2693 389 2754 sic
410 2692 496 2752 enim
516 2691 662 2771 scripsit,
678 2690 811 2752 ‘simile
828 2688 976 2770 antiquis
992 2687 1212 2767 contigisset‚’
1234 2687 1298 2770 Ep.

197 2805 266 2852 ιιι.
290 2789 343 2853 33.
398 2789 531 2853 Ibidem
562 2787 750 2853 Comelium
778 2790 934 2853 Taciturn
966 2787 1031 2851 sibi
1059 2789 1298 2853 amicissimum

196 2895 290 2970 rogat
312 2890 456 2967 Plinius,
472 2895 509 2953 ut
529 2889 688 2973 praeclare
708 2889 790 2954 iliud
811 2888 935 2953 factum
958 2888 1110 2953 historiae
1126 2909 1197 2954 suae
1212 2891 1298 2954 inse-

197 2999 257 3055 ret.
304 2989 429 3054 Eadem
449 2991 604 3055 libertate
624 2992 755 3056 neusin
771 2993 989 3056 accusatione
1006 2991 1133 3055 Caecilii
1151 2991 1297 3058 Classici

196 3110 258 3174 pro
284 3092 402 3155 iisdem
427 3092 577 3169 Baeticis,
595 3112 680 3175 qnos
701 3095 816 3158 itidem
837 3093 901 3156 iste
916 3093 1097 3175 proconsul
1118 3094 1296 3174 expilaret,

197 3193 379 3258 Domitiani
393 3193 607 3256 offensionem
623 3194 769 3258 incurrit.
814 3179 898 3274 Ipse
914 3192 978 3273 Ep.
997 3208 1054 3253 ιιι.
1068 3194 1102 3254 9.
1119 3192 1161 3254 ad
1184 3193 1297 3255 Minu-

195 3295 340 3358 tianum:
363 3291 604 3376 ‘conjectabis
624 3313 668 3357 ex
688 3293 752 3356 boc
773 3300 918 3376 quantas
934 3292 1174 3370 contentiones
1190 3293 1296 3376 quan-

195 3401 248 3460 tas
271 3396 369 3457 etiam
393 3395 536 3458 offensas
559 3395 768 3472 subierimus,
783 3393 949 3457 duntaxat
969 3392 1012 3456 ad
1033 3394 1133 3456 breve
1150 3399 1296 3476 tempus.

196 3493 286 3563 Nem
301 3493 384 3557 fides
398 3496 432 3558 in
446 3497 626 3577 praesentia
637 3515 706 3571 eos,
718 3496 841 3577 quibus
852 3495 987 3570 resistit,
1001 3494 1148 3573 offendit3
1169 3493 1293 3558 deinde

196 3594 322 3658 abillis
337 3596 423 3679 ipsis
440 3596 626 3678 suspicitur
640 3593 888 3677 laudaturque?
933 3594 1126 3658 Herennius
1143 3614 1221 3658 vero
1236 3596 1295 3659 Se·

194 3697 301 3774 necto,
314 3716 390 3760 cum
409 3697 560 3761 Helvidii
574 3698 636 3760 viri
651 3697 730 3760 boni
745 3704 780 3760 et
794 3695 986 3779 locupletis,
1002 3715 1101 3778 quem
1117 3697 1295 3777 imperator

193 3797 268 3877 ejus
290 3798 378 3860 bona
393 3797 583 3881 direpturus
597 3803 645 3863 ter
659 3801 692 3862 in
708 3798 846 3863 exilium
860 3797 1007 3873 miserat,
1023 3815 1161 3861 censam
1177 3807 1293 3858 susce*
1320 3791 1322 3800 “

194 3891 314 3978 pisset,
337 3917 415 3962 reus
439 3898 527 3982 apud
543 3899 775 3982 imperatorem
787 3899 898 3962 iactus
913 3917 933 3960 a
950 3897 1057 3961 Metto
1072 3897 1160 3960 Caro
1174 3893 1293 3959 Domi-

194 3998 277 4060 tiani
298 3997 418 4063 liberto
437 3999 643 4075 interficitur,
663 4000 768 4084 Epi.
782 4002 816 4066 5.
842 4015 901 4064 ιιι.
917 3999 969 4063 ll.
995 4014 1064 4061 ιιιι.
1078 3997 1132 4059 14.
1177 3994 1246 4058 Sed
1261 4001 1293 4059 et

193 4099 325 4164 Plinius
340 4099 480 4164 eandem
495 4109 617 4165 sortem
634 4102 817 4164 subiturum
832 4087 988 4166 sciuisse
1003 4096 1220 4180 postmodum
1235 4117 1291 4179 ag·

191 4201 295 4279 novit,
311 4203 364 4266 ‘si
383 4202 597 4270 Domitianus
617 4202 742 4270 diutius
756 4201 931 4283 vixisset3’
954 4196 1078 4279 ‘nem,’
1096 4198 1206 4284 iuquit
1225 4201 1291 4284 Ep.
