3022 4852
578 406 820 456 nrsruunrrc.
1201 388 1246 456 ab

145 549 211 615 bns
230 548 389 614 salubria.
433 547 577 630 Largum
596 548 757 612 bonarum
777 548 906 630 frugum
927 567 1067 612 messem
1090 547 1244 628 dixerim,

146 652 231 714 inter
244 669 346 733 quam
357 649 507 714 nonnihil
520 649 593 716 lolii
606 649 847 716 carduorumve
861 650 986 714 horret.
1029 648 1109 714 Non
1120 641 1243 715 temere
1275 655 1277 658 ’
1359 649 1366 661 “

146 750 262 818 idonei
286 750 403 814 barum
419 769 526 814 rerum
548 750 665 815 arbitri
686 750 858 816 studiosos
872 759 1019 828 monent,
1034 770 1077 814 ne
1092 751 1245 834 frequen-

147 858 218 919 tare
233 850 334 914 nimis
349 850 452 915 uelint
466 851 661 929 sententias,
677 851 978 933 acutas-inprimis,
990 852 1245 936 vituperantque

150 971 193 1016 eo
208 951 340 1018 nomine
357 950 503 1018 Pliniani
515 951 633 1016 saecnli
648 961 817 1029 auctores,
832 953 924 1035 quod
940 955 975 1020 in
989 954 1031 1020 iis
1045 951 1246 1036 profunden-

148 1053 203 1118 dis
221 1052 318 1136 justo
338 1051 547 1134 benigniores
569 1051 702 1119 luerint.
747 1054 825 1120 Etsi
844 1054 932 1118 enim
951 1054 1052 1121 facile
1074 1053 1189 1130 credo,
1203 1053 1247 1118 ad

67 1210 69 1214 ,
148 1155 251 1219 istam
274 1152 442 1218 rhetorum
469 1152 577 1234 legem
599 1173 667 1228 nou
690 1173 819 1218 morose
841 1154 1042 1236 exigendam
1063 1173 1140 1222 esse
1162 1153 1248 1218 bauo

148 1253 307 1326 laudandi
334 1252 508 1332 rationem,
533 1274 673 1338 eamque
701 1255 864 1322 laetiorem
885 1257 992 1336 magis
1014 1257 1132 1322 decere
1152 1256 1249 1320 uber·

148 1360 264 1430 tatem,
279 1373 380 1438 quam
395 1353 483 1418 alius
500 1356 630 1436 generis
644 1356 787 1438 scripta3
802 1357 1028 1438 importunam
1039 1363 1149 1422 temon
1159 1355 1250 1438 iuge-

148 1454 199 1522 nii
212 1455 378 1522 luxuriem
399 1457 612 1539 premendam
633 1457 741 1522 fuisse
762 1464 870 1539 patet,
893 1456 966 1522 eive
987 1475 1007 1520 a
1031 1456 1154 1532 Plinio,
1177 1459 1250 1520 sive

150 1557 195 1624 ab
210 1557 341 1634 amicis,
355 1577 443 1640 quos
457 1558 532 1640 ipse
548 1560 708 1626 orationis
725 1577 798 1628 snm
810 1556 942 1640 judices
957 1557 1141 1624 constitnit.
1182 1557 1252 1622 Sed

150 1651 336 1726 maximam
361 1659 611 1735 sententiarum,
638 1679 727 1742 quas
751 1659 824 1724 baec
850 1659 960 1724 oratic
973 1658 1098 1734 babet,
1121 1666 1251 1742 partem

150 1758 364 1847 probandam
378 1766 470 1840 puto.
525 1760 657 1824 Etenim
673 1761 813 1842 primum
827 1779 886 1824 ees
902 1765 1043 1842 apparet
1056 1778 1122 1822 non
1138 1758 1252 1824 studio

151 1859 336 1925 arcessitos
351 1878 440 1934 esse,
463 1859 522 1926 sed
539 1860 734 1943 plerumque
750 1879 769 1922 e
784 1878 818 1924 re
832 1864 941 1935 natae,
956 1866 992 1926 ct
1006 1866 1130 1941 sponte
1140 1879 1177 1922 se
1192 1861 1252 1922 ob·
1312 1879 1314 1885 ·

152 1959 274 2026 tulisse
290 1961 412 2025 oratori
428 1959 470 2024 nd
484 1965 677 2043 argumenta
691 1959 861 2027 fulcienda
875 1969 908 2024 et
923 1958 1157 2026 confirmanda.
1194 1961 1253 2026 Sic

152 2061 269 2128 statim
292 2061 328 2126 iu
347 2061 527 2147 principio,
548 2063 607 2126 ubi
623 2061 738 2126 laudat
753 2063 924 2143 antiquum
948 2061 1042 2126 illum
1058 2081 1165 2126 rerum
1182 2083 1253 2128 om-

152 2161 245 2228 nium
271 2162 369 2228 initia
394 2182 415 2227 a
441 2164 688 2246 precationibus
715 2163 874 2246 cupiendi
900 2182 1035 2240 morem,
1056 2164 1091 2228 id
1115 2164 1256 2248 adjurat

153 2262 321 2328 sententia
346 2263 485 2347 aliqua:
509 2263 627 2348 ‘quod
655 2263 737 2328 nibil
753 2264 838 2340 rite,
869 2264 1018 2346 nihilque
1043 2265 1256 2346 prouidenter

153 2362 318 2438 homines,
343 2364 415 2428 siue
435 2363 581 2430 Deorum
601 2364 837 2430 immortalium
862 2384 941 2446 ope,
960 2365 1115 2440 oonsilio,
1131 2365 1255 2430 honore

152 2464 429 2548 auspicarentur!
452 2464 537 2549 Cap.
551 2466 651 2531 rinb-
666 2464 819 2541 conlidit,
831 2465 1057 2548 modum,quo
1068 2464 1257 2532 laudaverit

153 2563 350 2650 Traianum}
365 2585 430 2630 non
443 2566 514 2632 fore
525 2585 721 2643 mensuram,
738 2567 782 2632 ad
794 2585 894 2648 quam
907 2575 1021 2646 gratus
1032 2583 1113 2632 snus
1124 2567 1256 2630 animus

156 2666 356 2736 aestimetur.
377 2667 463 2750 EJus
477 2668 610 2732 fiduciae
627 2686 769 2733 cansam
778 2665 878 2748 ponit
888 2666 1091 2730 sententiam
1104 2665 1255 2746 pulcher*

155 2765 294 2832 rimam:
319 2765 584 2848 ‘Animadverte
606 2769 706 2844 enim,
726 2768 828 2836 etiam
851 2767 945 2833 Deos
971 2767 1079 2848 ipsos,
1099 2784 1171 2828 non
1189 2775 1256 2828 turn

157 2867 327 2932 accuratis
342 2867 549 2935 adorantium
564 2868 734 2950 precibus,
754 2887 855 2950 qnam
873 2867 1065 2933 innocentia
1080 2875 1114 2932 et
1134 2866 1257 2930 sencti-

157 2971 226 3033 tete
252 2967 376 3034 laenri:
405 2969 649 3053 gratioremque
672 2970 867 3046 existiman,
891 2969 950 3050 qui
974 2967 1121 3034 delubris
1144 2987 1257 3032 eorum
1367 2994 1372 3003 r

156 3087 278 3156 puram
304 3077 502 3152 castamque
525 3077 678 3146 mentem,
701 3089 802 3151 quam
826 3069 885 3149 qui
908 3069 1101 3138 meditatum
1124 3087 1258 3134 carmen

157 3166 330 3238 intulerit!
375 3167 468 3252 Cap..
484 3185 515 3231 v.
536 3169 570 3232 9.
587 3170 861 3250 praetorianorum
880 3167 1061 3230 tumultum
1085 3166 1191 3230 credit
1213 3168 1258 3234 ud

158 3268 348 3359 augendum
358 3268 495 3353 Trajnni
509 3269 649 3350 gratiam
665 3266 898 3349 praecessisse.
942 3262 1059 3331 Causa
1073 3265 1122 3330 sic
1138 3266 1259 3332 existi-

158 3369 276 3440 mandi
291 3388 409 3436 rursus
423 3376 477 3437 est
492 3369 658 3435 sententia
672 3367 788 3449 aliqua
803 3365 1010 3448 probabunt
1032 3373 1042 3404 ‘
1060 3366 1179 3434 Habet
1196 3368 1261 3436 bus

162 3471 256 3540 vices
277 3469 426 3537 conditio
450 3469 650 3546 mortalium,
671 3473 707 3531 ut
727 3468 871 3536 adversa
891 3485 935 3530 cx
957 3469 1125 3544 secundis,
1141 3488 1185 3537 en
1202 3469 1260 3534 ad·

160 3566 643 3640 vasissecunoanescantur!
659 3569 914 3652 ueneritne
937 3567 1107 3651 Principis
1119 3569 1260 3651 gloriam

161 3679 284 3758 augent
301 3671 407 3752 etiam
428 3672 560 3750 ingrati.
596 3669 691 3734 Curi
717 3676 817 3740 ‘nont
837 3670 1070 3738 liberalitatem
1086 3672 1261 3754 jucundio-

160 3791 233 3842 rem
248 3770 378 3838 debitor
392 3777 518 3854 gratus,
534 3770 713 3841 clariorem
727 3772 879 3851 ingratus
901 3769 1004 3838 lucil-¹
1056 3769 1260 3836 Verissimel

161 3871 248 3958 cap.
269 3889 329 3939 ev.
346 3872 381 3938 2.
425 3870 541 3941 Priora
556 3878 710 3954 tempora
723 3870 824 3940 matie
844 3869 1062 3952 Principibus
1076 3871 1188 3952 plures
1203 3872 1260 3936 bc-

161 3993 262 4041 ucres
290 3973 521 4048 decreverunt,
543 3991 644 4054 quam
674 3990 737 4038 nos
764 3971 917 4053 optimos
947 3969 1179 4053 ‘ingeniosior
1207 3981 1262 4038 est

162 4075 253 4144 enirn
279 4073 324 4144 ud
349 4073 610 4158 excogitandum
637 4072 807 4142 simulatio
830 4074 982 4149 veritate,
1002 4071 1145 4138 servitus
1162 4072 1261 4138 liber·
1341 4132 1351 4150 ‚

155 4181 246 4253 tate,
261 4182 371 4246 metus
386 4173 522 4242 amore!
564 4173 678 4256 Quam
691 4193 770 4242 uero
786 4175 831 4246 ob
844 4193 984 4246 cnusnm
996 4172 1131 4256 Trujuui
1154 4175 1259 4240 laudi·

229 4289 317 4353 neni.
328 4295 352 4339 et
364 4289 422 4341 Vor.
434 4290 502 4339 ctae.
656 4290 749 4352 Panes.
763 4289 817 4341 Vn.
1173 4291 1194 4340 C
