3088 4848
244 353 314 421 ate
609 371 641 420 c.
663 370 789 419 rarum
814 369 979 420 sacuam

245 520 299 577 est
314 513 482 596 princeps,
498 514 668 596 extemplo
690 512 782 578 fama
803 513 889 596 ejus,
905 513 1064 576 incertum
1080 513 1168 576 bona
1182 531 1226 574 an
1240 513 1341 588 niala,

245 617 386 678 ceterum
403 621 523 680 aetema
536 621 597 679 est.
639 615 693 677 10.
716 613 797 678 Non
811 632 888 694 ergo
902 618 1062 695 perpetua
1080 613 1340 696 principissam,

246 733 321 797 quae
336 716 475 780 invitum
491 721 612 791 oranet,
628 715 686 778 sed
701 717 790 778 bona
805 709 1074 795 concupiscenda
1096 721 1159 776 est.
1202 715 1254 777 Ea
1265 733 1344 798 por·

246 833 284 880 ro
300 834 364 880 non
379 817 580 900 imaginibus
601 822 634 880 et
651 817 781 890 statuis,
799 813 858 880 scd
874 815 994 878 virtute
1016 834 1058 879 ae
1071 815 1212 888 meritis,
1227 833 1341 896 prore

248 921 360 998 gatur:
384 916 573 980 nemetiam
589 915 815 991 leviorahaeo,
833 915 974 978 sormam
994 915 1167 998 principis,
1189 917 1342 996 liguram·

248 1036 328 1100 que,
342 1036 408 1081 non
430 1014 568 1082 aumm¹¹
591 1018 722 1094 melius,
737 1016 790 1080 rel
805 1024 987 1098 argentum,
1007 1035 1109 1100 quam
1127 1017 1220 1080 favor
1237 1017 1343 1081 homi-

250 1138 339 1193 num,
353 1121 534 1202 exprimat,
557 1126 743 1202 teneatque.
785 1118 840 1181 ll.
865 1116 966 1195 Quod
987 1118 1123 1201 quidem
1138 1119 1267 1202 prolixe
1281 1121 1343 1183 tibi

248 1221 484 1304 cumulateque
500 1222 670 1303 contingit,
693 1221 788 1303 cujus
807 1220 984 1284 laetissima
996 1220 1114 1298 facies,
1132 1225 1165 1283 et
1188 1222 1346 1286 amabilis

251 1321 376 1399 vultus,
391 1322 424 1384 in
440 1323 588 1385 omnium
606 1323 730 1387 civium
745 1341 817 1398 ore,
833 1323 952 1397 oculis,
968 1322 1092 1398 animo,
1109 1321 1216 1384 sedet.
1421 1323 1424 1329 '

262 1447 265 1456 ’
295 1421 478 1485 θΛΡ..ι.νι.
507 1423 539 1486 1.
563 1421 752 1488 Annotasse
774 1441 849 1499 ves,
874 1423 987 1498 oredo,
1002 1422 1122 1487 Patres
1138 1420 1345 1505 conscripti,

247 1522 444 1605 jamdudum
459 1542 513 1586 me
527 1542 594 1587 non
611 1521 749 1606 eligerei
770 1543 846 1606 quae
865 1522 1017 1588 reseram.
1061 1522 1278 1606 Propositum
1294 1523 1348 1588 est

252 1623 340 1686 enim
360 1624 452 1698 mihi,
472 1624 827 1707 principemlarrdare,
841 1643 907 1687 non
931 1622 1093 1706 principis
1111 1623 1213 1688 lacta.
1257 1623 1348 1688 Nam

254 1723 440 1788 laudabilia
455 1725 557 1788 mulia
571 1725 670 1788 etiam
687 1725 936 1804 mali1taciunt3
961 1727 1037 1808 ipse
1051 1724 1193 1800 laudari,
1207 1724 1273 1787 nisi
1288 1742 1348 1807 op·

257 1821 380 1902 timus,j
400 1845 467 1888 noo
483 1833 606 1908 potest.
651 1825 765 1904 Quare
785 1846 851 1891 non
873 1827 939 1890 alia
955 1825 1070 1909 major,
1087 1824 1276 1907 Imperator
1290 1843 1349 1888 an·

256 1934 366 2008 geste,
391 1929 496 2010 gloria
518 1935 588 2005 tua,
609 1948 710 2012 quam
733 1927 822 2011 quod
844 1927 1021 2009 agentibus
1044 1927 1104 1990 tibi
1127 1928 1253 2008 gratias
1267 1924 1350 1990 nihil

257 2027 434 2092 velandum
451 2034 525 2105 est:
549 2028 631 2092 nihil
646 2028 867 2092 omittendum
882 2034 942 2092 est.
985 2028 1018 2091 2.
1042 2027 1134 2105 Quid
1149 2036 1203 2090 est
1217 2027 1350 2093 enimin

258 2129 448 2212 principatu
474 2137 545 2205 tuo,
561 2130 652 2212 quod
674 2130 875 2212 cujusquam
891 2129 1088 2212 praedicatio
1109 2128 1162 2192 rel
1185 2127 1351 2192 transilire

272 2317 275 2322 ’
292 2323 301 2347 ·
318 2315 390 2364 Nitril
400 2317 555 2380 obtegendum
564 2320 758 2372 dissimulatione.

714 2461 894 2482 mm

259 2559 289 2608 si
311 2558 359 2608 iilis
375 2560 460 2620 mugio.
493 2559 559 2610 llere
578 2559 667 2620 rerba,
684 2561 814 2616 Ρτωίενια,
831 2566 858 2609 ut
873 2561 967 2624 paduae
983 2560 1228 2623 ...concupiscendo
1245 2566 1289 2615 est,
1309 2560 1353 2610 de·

262 2631 321 2671 sunt
339 2625 365 2671 in
385 2624 443 2672 cod.
460 2624 554 2673 Peter.
572 2624 691 2689 aliisque.
726 2625 877 2674 VideNett.
893 2626 968 2673 Vnrr.
1001 2625 1055 2673 Pro
1066 2626 1181 2686 extempio
1198 2625 1239 2672 ed.
1250 2625 1354 2686 Cuspio.

260 2687 341 2736 habet
357 2690 536 2750 exempla-1⁰
552 2688 648 2737 Vener.
662 2693 684 2735 1.
695 2689 752 2749 quic
763 2689 835 2738 etiem
848 2689 938 2738 leniore
949 2688 1015 2745 incr
1033 2688 1125 2736 Pater.
1136 2689 1192 2751 quic
1203 2689 1275 2736 etiem
1285 2689 1355 2736 leuio-

260 2765 289 2800 ra
299 2751 349 2800 loc
355 2767 365 2808 ,·
383 2754 457 2801 etsie
472 2751 542 2801 Vatt.
556 2757 578 2800 l.
589 2757 613 2800 2.
628 2755 652 2800 t.
664 2753 757 2816 aliique
774 2753 851 2802 codd.
863 2767 906 2814 ap.
918 2753 1046 2801 Schwarz.
1057 2767 1109 2800 caru
1120 2753 1192 2800 etium
1203 2753 1290 2800 leuiore
1306 2752 1357 2799 tec

263 2816 332 2864 solus
349 2815 407 2867 Vat.
426 2820 514 2864 4.-11
533 2816 599 2864 Cod.
617 2815 711 2864 Peter.
726 2816 792 2875 errius
810 2818 937 2865 lectissim
946 2817 1033 2875 socies.
1067 2817 1150 2864 Paule
1169 2825 1235 2878 post,
1252 2817 1278 2865 in
1298 2813 1357 2864 edd.

263 2878 387 2926 Beroeld.
399 2880 493 2926 Catan-
504 2886 530 2926 et
543 2881 576 2928 al.
589 2879 671 2942 antiq.
686 2880 782 2940 legitur
799 2881 881 2942 ocrim,
891 2880 977 2928 enimn.
1010 2879 1060 2929 Sed
1077 2884 1199 2928 annotasse
1216 2895 1265 2932 eur,
1279 2881 1318 2939 ξε.
1331 2879 1357 2926 in

265 2944 307 2990 erl.
323 2942 420 2988 venet.
433 2956 474 2989 ao.
487 2945 560 2989 1519.
570 2942 653 3003 ecelis,
664 2941 751 2989 urimo.
775 2942 824 2990 Sed
840 2947 864 2991 et
875 2947 1007 3005 annotasse,
1018 2946 1059 3006 isc.
1089 2943 1156 2991 Vide
1169 2945 1246 2992 Nott.
1259 2943 1337 2991 Varr.

274 3005 365 3053 'Cam
382 3017 435 3053 avr.
470 3005 860 3054 alunormseoscodfflrtav.
893 3005 924 3052 Id
935 3011 1079 3055 colosseum
1091 3007 1149 3055 cod.
1161 3007 1253 3056 salisb.
1288 3007 1360 3066 Mer,

265 3069 325 3118 miti
338 3069 413 3118 deest
424 3069 449 3116 in
462 3067 520 3116 cod.
531 3069 592 3117 Vnt.
604 3072 630 3117 4.
643 3083 689 3130 pre
701 3084 752 3133 quo
764 3069 790 3118 io
803 3070 844 3118 ed.
854 3069 974 3118 Beroald.
986 3071 1082 3132 legitur
1092 3071 1162 3119 sitit.
1196 3071 1278 3119 Paulo
1291 3079 1360 3132 post,

264 3132 326 3182 nillil
337 3133 498 3188 orrrittrrutrrm'¹
508 3133 601 3186 emisso
618 3133 655 3194 τᾷ
668 3138 714 3197 ert,
730 3133 828 3183 Venet.
842 3139 864 3181 1.
875 3141 901 3183 et
913 3133 1056 3183 Satira-n
1074 3136 1168 3199 Vulgg.
1179 3137 1241 3198 qued
1252 3134 1360 3196 emurque

758 3276 864 3326 NOTAE

300 3381 313 3416 s
332 3373 409 3427 Quam
426 3371 521 3434 quitus]
538 3372 621 3424 Quem
639 3371 672 3420 ab
694 3371 735 3431 iis,
752 3371 794 3434 qui
835 3372 885 3420 hue
906 3385 987 3436 usque
1000 3372 1097 3422 attulit.
1131 3371 1236 3421 Deinde
1252 3373 1311 3437 quia
1328 3373 1361 3422 de

269 3463 321 3496 non
333 3462 364 3495 ex
378 3449 464 3495 servili
481 3447 591 3511 quadem
602 3448 758 3497 necessitate
769 3447 795 3496 id
837 3445 938 3496 biennio
959 3455 1058 3497 tantum
1082 3448 1203 3511 loquitur,
1225 3464 1255 3498 ao
1279 3465 1362 3512 perrea

268 3522 357 3572 faeere
369 3529 507 3584 coguntur.
640 3525 643 3528 '
836 3521 916 3571 habet
931 3526 1058 3586 preclare
1072 3521 1142 3573 sacta
1157 3539 1215 3588 quae
1233 3524 1362 3586 sigillatim

301 3597 313 3632 l
331 3595 492 3659 Nostrarum]
509 3596 540 3645 Id
553 3595 716 3660 intelligebat
728 3596 796 3659 Age·
837 3596 958 3661 persequi
980 3598 1070 3659 possit,
1092 3597 1184 3660 prebet
1202 3598 1285 3661 majus
1306 3614 1364 3648 esse

274 3675 363 3736 silaus,
381 3674 498 3739 quicum
516 3673 626 3722 moriens
648 3679 798 3722 veteratae
838 3671 969 3735 quidpiam
988 3671 1021 3718 ed
1041 3671 1165 3733 principis
1182 3671 1363 3730 larrdem,siin

274 3751 327 3800 ulla
339 3749 376 3800 sui
389 3751 472 3812 imago
484 3749 603 3805 tieret,Si
614 3748 799 3814 qued‚inquie·
839 3751 933 3812 genere
948 3747 1075 3797 laudetur.

191 3849 193 3852 ·
272 3823 799 3890 bat,praclarumfaeinnsgessi,hoeerit
868 3821 953 3872 le'ri
973 3824 1086 3887 mamus]
1102 3824 1134 3873 Id
1157 3831 1206 3886 est,
1227 3824 1277 3874 nisi
1296 3827 1364 3875 omni

272 3902 545 3951 mihimeoomentum.
695 3933 697 3940 .
838 3900 1077 3948 landeounrolatru.
1110 3899 1188 3948 Ferte
1207 3900 1286 3949 etiam
1302 3902 1365 3950 allu-

308 3975 384 4025 ¹Neu
405 3975 505 4039 eligere]
523 3974 642 4040 Elegans
662 3971 809 4025 artificium
839 3974 880 4024 dit
900 3974 933 4022 ad
950 3974 1058 4037 Trajani
1081 3989 1185 4038 nomen,
1202 3975 1244 4037 qui
1263 3977 1365 4037 optimus

271 4053 346 4117 trojus
355 4051 423 4113 lnci;
440 4066 497 4100 uam
510 4051 591 4112 primo
602 4051 664 4099 nihil
676 4064 748 4113 eque
760 4050 799 4100 ln·
839 4051 982 4114 appellatus
994 4055 1043 4113 est,
1059 4058 1088 4099 nt
1105 4064 1184 4114 supra
1195 4051 1288 4100 dietum
1307 4066 1367 4116 cap.

276 4129 325 4190 git,
336 4142 411 4192 quem
429 4136 458 4176 ut
474 4126 591 4175 rideatur
606 4128 722 4188 argutius
740 4140 801 4175 eon·
841 4140 873 4177 rr.

275 4203 417 4269 quisirisre,
439 4218 496 4266 qua
517 4202 550 4252 ad
572 4203 675 4275 'l'rnjaoi
700 4202 801 4254 tandem
