3100 4854
700 361 801 411 rura.
924 357 928 366 ¹
1246 355 1289 422 37

194 509 384 568 versantem
398 501 539 586 rogarit,
562 504 617 567 ‘nt
626 502 892 586 circumspiceret
902 505 1149 588 praeceptores:
1162 507 1226 592 Ep.
1237 527 1290 578 111.

192 603 251 666 13.
288 603 371 667 Huc
382 603 482 666 stiam
497 601 667 667 reserenda
683 602 744 686 Ep.
761 602 815 666 30.
832 602 940 684 ejusd.
955 604 1018 668 lib.

240 703 361 768 Eidem
379 703 493 769 forsan
509 724 571 768 an.
593 710 770 788 antequam
792 703 962 786 Trajanus
983 706 1026 769 ad
1045 707 1168 772 hellam
1187 710 1291 776 Daci·
1329 737 1333 742 ·

197 819 272 866 cum
310 805 586 887 proficisceretur,
614 805 826 886 alligandum,
864 807 952 888 quod
979 804 1043 889 Ep.
1070 823 1122 870 1v.
1144 809 1198 872 22.
1220 809 1292 876 Pli-

196 904 275 968 nius
296 913 419 984 oarrat,
442 912 498 969 ‘se
520 906 710 970 interfuisse
732 907 890 989 principis
912 908 1030 990 optimi
1049 909 1240 990 cognitioni,
1256 913 1291 976 in

198 1005 375 1068 consilium
404 1013 599 1084 assumtum,
625 1007 667 1072 de
690 1008 845 1090 gymnico
872 1001 982 1090 'agone
1009 1008 1098 1091 apud
1123 1008 1291 1074 Viennen-

197 1105 273 1181 ses,’
286 1108 346 1170 &a

242 1206 328 1269 Item
342 1206 433 1289 quod
450 1207 492 1271 de
510 1209 596 1274 Julii
617 1208 720 1273 Bassi
742 1227 848 1273 causa
867 1208 970 1272 tradit
990 1209 1054 1292 Ep.
1076 1225 1127 1272 lv.
1149 1213 1181 1274 9.
1226 1211 1290 1278 Ille

197 1309 209 1384 f
219 1324 242 1369 a
267 1306 460 1371 Domitiano
484 1310 661 1391 relegatus,
686 1316 866 1375 revocatus
890 1329 911 1373 a
934 1309 1062 1386 Nerva,
1087 1311 1291 1394 sortitusque

197 1405 400 1490 Bithyniam,
426 1410 523 1474 rediit
548 1409 647 1488 reus,'
672 1417 710 1474 ut
733 1410 867 1474 Plinius
890 1411 991 1474 habet
1012 1410 1093 1474 ibid.
1116 1411 1177 1492 qui
1202 1431 1292 1488 eom,

197 1514 374 1591 postquam
389 1519 506 1574 contra
522 1511 676 1576 Marcum
697 1518 733 1574 et
754 1511 946 1575 Classicum
968 1517 1090 1594 egerat,
1106 1512 1211 1575 tuitus
1227 1521 1291 1590 est,

197 1608 263 1692 Ep.
289 1626 341 1674 vr.
364 1611 419 1675 29.
472 1611 603 1677 Bassus
628 1632 708 1678 vero
729 1612 802 1696 jam
828 1632 915 1690 reue,
939 1618 973 1678 at
993 1617 1066 1676 ante
1090 1630 1190 1694 qaam
1215 1611 1291 1699 ejus

196 1729 300 1775 causa
323 1713 358 1774 in
381 1721 497 1776 senatu
523 1717 686 1793 ageretur,
708 1713 872 1795 ‘principi
896 1713 1038 1789 dixerat,
1060 1709 1136 1776 sola
1159 1731 1197 1776 se
1220 1731 1292 1777 mu·

195 1810 351 1887 nuscola,
367 1811 528 1876 duntaxat
541 1811 647 1876 natali
669 1831 744 1888 suo,
768 1818 827 1876 aut
848 1811 1094 1886 Saturnalibus,
1114 1813 1290 1894 accepisse

197 1917 232 1975 et
245 1912 417 1994 plerisque
432 1911 586 1989 misisse,’
600 1915 661 1975 &c
704 1909 802 1974 Unde
818 1911 954 1988 clarum,
969 1921 1002 1975 et
1019 1915 1097 1974 tunc
1111 1910 1291 1992 Trajanum

197 2009 317 2077 Romae
343 2013 461 2088 fuisse,
499 2020 533 2076 et
558 2018 637 2096 post
662 2011 765 2076 Plinii
791 2011 1000 2076 consulatum
1026 2032 1094 2076 rem
1122 2012 1291 2093 agitatam,

197 2113 349 2196 adeoque
364 2114 423 2178 vix
439 2119 515 2176 ante
529 2115 616 2177 hunc
638 2133 692 2178 an.
708 2114 751 2177 ad
767 2131 863 2197 quem
877 2114 942 2178 boc
956 2115 1067 2196 ipsum
1086 2112 1234 2177 referunt
1248 2114 1291 2177 cl.

196 2213 258 2276 viri
276 2213 308 2276 N
312 2214 430 2277 orisius
450 2219 484 2277 et
504 2211 657 2296 Pagius.k
700 2215 771 2279 Hic
783 2222 891 2280 tamen
904 2216 1037 2294 labitur,
1055 2225 1204 2280 asserens
1219 2215 1290 2278 Pli-

196 2317 300 2392 nium,
328 2335 365 2378 se
389 2322 459 2378 tum
485 2316 694 2380 consularem
718 2306 836 2394 fuisse,
862 2336 938 2382 cum
965 2316 1109 2379 Bassum
1134 2313 1291 2392 defendit,

196 2415 325 2480 tradere
340 2417 407 2480 illis
424 2418 552 2481 verbis:
576 2422 675 2499 ‘post
689 2418 787 2494 duos,
808 2424 843 2480 et
863 2416 1057 2480 consulares
1072 2422 1107 2479 et
1121 2413 1291 2493 disertos,’

195 2521 257 2602 &o
274 2518 338 2603 Ep.
353 2536 405 2582 1v.
416 2519 448 2584 9.
472 2518 634 2601 ‘nempe,'
650 2520 697 2582 ait
709 2518 808 2598 Pagi,
831 2521 926 2600 ‘post
941 2524 1047 2580 semet
1061 2519 1095 2578 et
1105 2507 1291 2578 Lucceium

196 2617 374 2684 Albinum?
391 2609 393 2614 ’
417 2618 544 2683 Verum
559 2617 685 2682 Noster
699 2616 740 2681 de
754 2637 791 2680 se
806 2618 870 2680 hoc
885 2616 964 2679 loco
980 2635 1047 2678 non
1058 2614 1215 2695 loquitur,
1229 2614 1291 2676 sed

197 2719 239 2782 de
260 2719 448 2803 Pomponio
464 2717 556 2782 Rufo
572 2724 607 2780 et
621 2716 795 2780 Herennio
810 2715 974 2792 Pollione,
989 2715 1049 2797 qui
1068 2713 1142 2796 jam
1165 2712 1290 2778 diserte

197 2826 313 2884 contra
329 2821 473 2884 Bassum
489 2839 550 2902 pro
566 2819 720 2900 Bithynis
742 2817 904 2894 dixerant,
925 2824 959 2881 et
976 2822 1057 2900 post
1071 2832 1155 2896 quos
1178 2805 1290 2877 tamen
1396 2871 1398 2874 .

197 2919 429 3002 Theophanes,
446 2940 532 2984 unus
558 2939 603 2984 ex
626 2918 757 3000 legatie,
781 2923 934 3001 ‘tempus
959 2917 1025 2980 sibi
1047 2915 1159 2979 laxius
1182 2913 1290 2978 vindi·

198 3020 308 3085 cavit!

242 3121 350 3203 Igitur
370 3123 420 3185 sic
442 3139 496 3184 res
514 3120 557 3184 ad
580 3120 679 3183 Bassi
698 3116 971 3201 proconsulatum
991 3121 1183 3197 spectantes
1202 3115 1291 3178 ordi·

198 3243 327 3301 namus,
351 3230 390 3286 ut
417 3222 622 3296 arbitremur,
649 3238 722 3282 enm
747 3221 864 3280 aestate
888 3235 942 3279 an.
964 3229 1075 3276 xotx.
1097 3214 1290 3298 Bithyniam

199 3325 350 3407 petiisse,
365 3322 660 3407 provinciamanno
675 3319 812 3393 rexisse,
832 3310 952 3379 exinde
968 3334 1019 3378 an.
1033 3314 1110 3378 Chr.
1126 3332 1158 3378 c.
1174 3313 1288 3379 adulto

200 3426 345 3490 Romam
371 3424 520 3502 rediisse,
544 3413 675 3487 tandem
695 3440 715 3485 a
738 3419 891 3502 Bithynis
914 3421 1120 3492 accusatum,
1135 3434 1188 3478 an.
1204 3429 1290 3482 cna

198 3528 314 3591 Plinio
340 3525 520 3598 defensum.
577 3523 620 3587 Ei
642 3542 721 3588 vero
746 3521 787 3587 P.
808 3519 966 3584 Servilius
990 3516 1114 3581 Calvus
1134 3516 1288 3599 proxime

200 3625 411 3703 successerit,
427 3624 687 3706 Bithyniamque
703 3621 745 3686 ad
761 3621 906 3684 medium
925 3619 1014 3681 hunc
1037 3636 1089 3681 aa.
1109 3616 1289 3681 obtinuerit

200 3719 393 3810 proconsul,
423 3724 486 3807 Ep.
512 3740 552 3786 x.
576 3725 631 3787 64.
654 3722 708 3786 65.
741 3719 885 3783 Deinde
913 3708 947 3780 et
974 3717 1040 3779 hoc
1067 3734 1120 3777 an.
1150 3714 1289 3777 eandem

200 3827 406 3912 provinciam
426 3826 566 3894 sortitus
589 3824 689 3887 fuerit
710 3821 822 3886 Rufus
838 3819 1003 3893 Varenus,
1028 3815 1093 3897 Ep.
1110 3829 1146 3878 v,
1161 3813 1216 3878 20.
1227 3815 1287 3876 &c

201 3928 289 4007 Quae
304 3947 349 3992 ex
365 3925 511 3990 dicendis
526 3924 568 3988 ad
586 3943 638 3987 aa.
653 3943 726 4006 seq.
740 3927 776 3986 et
790 3936 871 3984 0111.
885 3918 1146 3983 illustrabuntur.

288 4133 301 4166 l
317 4133 376 4184 Vid.
388 4133 471 4198 Epist.
482 4131 586 4208 Consul.
598 4146 624 4194 p.
636 4135 676 4180 69.
689 4135 717 4179 st
727 4125 863 4192 criticad
876 4139 916 4174 aa.
928 4121 987 4173 Chr.
1000 4109 1081 4180 1⁰2.§
1093 4120 1151 4167 het
1160 4122 1184 4168 7.
