3088 4848
275 421 342 489 did
643 440 676 486 c.
699 437 819 487 norun
846 437 1010 488 snnnnnr

266 583 367 666 quod
390 601 511 649 nomen
529 601 690 666 usurpare
712 584 850 667 saepius,
870 583 982 659 debes,
1003 600 1105 667 qnam
1119 581 1372 671 qnodprimum

274 687 421 750 invenit⁰
442 689 639 767 recuperata
653 683 815 749 libertast
858 685 891 748 t.
914 685 992 750 Non
1004 692 1058 748 est
1068 681 1196 747 minusd
1212 684 1325 761 civile,
1337 692 1372 748 et

274 786 458 870 principem
473 805 549 849 esse
563 785 697 868 pariter,
719 790 752 848 et
774 787 964 865 consulem3
987 805 1087 867 quem
1106 791 1370 849 tantumconsu·

274 889 351 952 lem.
394 889 426 950 d.
459 871 579 950 Habes
609 886 712 951 etiem
738 888 900 950 rationem
931 885 1143 950 verecundior
1168 885 1371 966 collegerunt

274 996 426 1065 tuornm3
449 988 662 1068 collegatum,
678 987 835 1069 inquam:
858 987 905 1051 ita
919 989 1004 1050 enim
1022 994 1056 1050 ot
1078 987 1150 1069 ipse
1162 986 1322 1068 loqueris,
1337 995 1372 1050 et

275 1107 337 1153 nos
352 1089 442 1171 loqui
458 1089 519 1151 vis.
563 1089 596 1152 6.
619 1087 772 1152 Onerosa
788 1089 849 1151 erit
862 1087 1035 1152 modestiae
1051 1088 1181 1151 iliorum
1194 1088 1281 1151 tertii
1291 1107 1371 1151 con-

276 1190 403 1252 sulatus
418 1190 472 1252 sui
486 1189 684 1264 recordatio,
697 1188 803 1252 donec
818 1194 850 1252 te
863 1188 1055 1252 consulem·
1071 1187 1212 1251 videant.
1248 1187 1371 1271 Neque

277 1290 366 1353 onim
380 1295 491 1372 potest
506 1309 569 1352 non
584 1289 721 1354 nimium
738 1309 813 1353 esse
833 1290 988 1372 privatis,
1012 1289 1102 1369 quod
1122 1289 1265 1372 principi
1286 1289 1371 1352 satis

276 1400 341 1454 est.
384 1392 418 1454 7.
439 1389 593 1467 Annuus,
610 1389 737 1466 caesar,
753 1391 957 1472 optantibus,
969 1391 1159 1473 quibusque
1174 1389 1265 1472 opud
1277 1390 1371 1452 Deos

276 1487 416 1556 adesse‘
435 1493 618 1569 consuesti,
641 1511 779 1574 quorum
800 1499 898 1574 potes
921 1493 1005 1574 ipse,
1029 1498 1184 1555 votorum
1199 1498 1371 1572 compotes

275 1593 405 1657 socias!

320 1693 409 1757 cnr.
426 1709 568 1756 cxxix.
603 1695 635 1757 1.
660 1693 822 1758 Fortasse
842 1692 1012 1758 sufficiot⁸
1033 1693 1095 1756 tibi
1116 1693 1231 1756 tertius
1253 1711 1371 1757 eonsu-

276 1795 384 1872 latus3
407 1795 465 1858 sed
491 1797 588 1859 nobis
608 1796 831 1859 tantominus
853 1794 983 1868 sufficit,
1029 1791 1118 1858 iiloh
1141 1813 1202 1857 nos
1223 1795 1372 1862 instituit,

277 1901 310 1960 ot
323 1895 468 1971 induxit,
483 1903 519 1960 ut
534 1906 567 1961 to
583 1896 701 1962 iterum
715 1898 902 1980 iterumque
926 1895 1098 1960 consulem
1119 1895 1242 1959 habere
1256 1896 1374 1978 cupiu-

737 2087 924 2111 cunum„

276 2228 369 2272 ten-et
380 2223 445 2270 Ere.
455 2223 532 2272 Vors-
548 2223 650 2272 intentio
659 2222 703 2272 tidi
713 2239 723 2280 ,·
740 2223 797 2273 eod.
807 2224 977 2273 Srirwrrnien.
991 2223 1096 2272 inventio
1106 2227 1205 2272 ium-d
1223 2225 1288 2274 Ero.
1299 2226 1379 2277 vnn:

276 2286 439 2347 teptincipem
450 2291 557 2335 erre-d
575 2287 762 2336 Hodetvenet.
782 2292 804 2334 1.
836 2287 1039 2336 HoieotSoiirb.
1056 2294 1084 2336 et
1098 2289 1270 2338 Seiwurrien.
1305 2290 1375 2340 Huic

277 2349 344 2411 conj.
362 2350 445 2398 Lirin.
463 2359 490 2399 et
506 2351 543 2398 ric
561 2350 667 2399 edidere
683 2351 754 2412 Lipr.
770 2351 901 2401 Boxhorn.
917 2353 1031 2413 Berneg.
1050 2351 1137 2401 Hrck.
1150 2353 1245 2401 Ceiiar.
1258 2354 1373 2403 Peteroi.

277 2413 359 2464 Geen.
371 2422 399 2462 et
411 2413 552 2464 Arnim-6
578 2415 689 2464 Onerorc
704 2416 752 2464 erit
769 2429 800 2462 m.
817 2429 898 2464 eorum
916 2415 993 2464 codd.
1013 2416 1106 2464 Satist.
1124 2423 1152 2466 et
1173 2417 1265 2467 Peter.
1299 2419 1372 2478 Mox,

276 2477 363 2526 Lirin.
374 2479 442 2539 conj.
452 2479 524 2526 donec
534 2483 557 2526 te
567 2481 685 2528 cummim
695 2484 814 2542 quartum.
849 2479 918 2528 Vide
933 2480 1007 2528 Nott.
1019 2479 1143 2530 vare-t
1160 2481 1269 2542 Adtmor,
1282 2482 1374 2541 ΟΜ,

276 2540 335 2590 cod.
347 2542 440 2590 Potor.
451 2550 479 2590 et
491 2543 556 2590 Exc.
568 2543 644 2590 Vorr.
669 2545 731 2606 opud
743 2543 779 2594 D.
791 2558 841 2594 erre
857 2543 918 2594 edd.
935 2550 995 2592 ento
1007 2543 1092 2592 Livio.
1103 2552 1131 2592 et
1148 2545 1219 2606 Lips.
1234 2545 1374 2595 consuevisti

277 2605 390 2667 Gneiph.
416 2621 515 2669 quorum
524 2612 590 2668 poter
600 2609 702 2669 ipsorum
714 2608 790 2657 codd.
801 2608 892 2658 Seiirb.
909 2614 937 2656 et
947 2609 1120 2656 sennarum.
1137 2623 1236 2671 qnorum
1249 2616 1315 2671 poter
1325 2624 1374 2658 rm

275 2670 335 2720 cod.
347 2669 440 2718 Pater.
451 2679 477 2718 et
487 2670 636 2720 Excvou.
657 2685 754 2734 quorum
761 2678 846 2734 potem
853 2686 878 2721 er
890 2672 950 2722 Ald.
963 2670 1079 2721 Sicitrrd.
1091 2680 1119 2720 et
1128 2673 1210 2723 Lirin.
1226 2688 1323 2736 quorum
1331 2688 1374 2736 po·

277 2739 330 2784 rm
345 2747 370 2782 er
385 2735 396 2783 i
452 2735 555 2796 Grypn.
572 2749 615 2784 en.
632 2738 704 2786 1⁵42.
724 2737 754 2786 tt.
772 2743 800 2785 et
817 2736 854 2786 H.
869 2737 960 2800 steph·
977 2735 1107 2786 Bonitorn.
1125 2735 1375 2788 celaenarum

277 2799 357 2846 Gern.
402 2799 443 2846 ide
456 2798 534 2848 Nott.
545 2798 620 2849 Verr.

310 2863 378 2911 Con.
390 2874 487 2910 nxxrx.
521 2867 533 2910 l
553 2863 664 2911 Fortem
680 2862 724 2912 tibi
734 2863 834 2927 sufficiet
845 2863 903 2912 cod.
914 2863 973 2912 vet.
985 2867 1010 2912 4.
1038 2862 1083 2911 titi
1095 2863 1169 2914 deert
1181 2863 1207 2912 in
1219 2863 1373 2928 quibusdem

278 2924 356 2974 eodo.
368 2932 396 2975 et
413 2925 475 2974 edd.
492 2939 535 2988 ep.
551 2926 679 2976 Schuetz.
711 2927 786 2988 Mox,
802 2928 933 2990 iterumque
949 2928 1025 2976 deest
1042 2928 1067 2976 in
1084 2927 1162 2980 codd.
1172 2929 1247 2978 vett.
1263 2933 1285 2978 8.
1302 2933 1328 2978 d.
1345 2936 1373 2979 et

780 3105 889 3156 Nom

310 3229 320 3256 ⁸
338 3221 446 3270 Primum
455 3217 558 3281 inuenit]
573 3217 637 3266 Post
648 3222 754 3266 exactos
766 3232 806 3265 re·
846 3225 874 3267 et
893 3219 1072 3284 quodcumque
1095 3219 1207 3284 petimus
1228 3235 1275 3284 pro
1298 3222 1373 3273 nobis

279 3316 324 3363 ges
335 3308 362 3350 et
379 3303 556 3362 recuperatam
566 3295 713 3344 libertatem
724 3295 806 3344 creati
846 3297 1034 3360 conreqni,iroo
1040 3297 1095 3360 jum
1108 3298 1230 3357 concede,
1242 3301 1310 3363 qnod
1322 3314 1374 3349 non

278 3385 338 3427 eunt
347 3376 474 3424 consoler.
507 3374 595 3422 Qume
606 3372 806 3421 contutaturno·
846 3371 879 3419 eb
889 3371 930 3430 iis,
940 3372 986 3419 sed
997 3387 1011 3419 a
1024 3380 1050 3419 te
1062 3385 1112 3419 uno
1124 3373 1231 3433 pendet.

277 3465 335 3501 rnen
354 3450 405 3499 t'nit
420 3448 500 3498 vetuti
521 3448 631 3510 primum
644 3451 805 3509 recuperate
877 3453 890 3489 ¹
907 3446 1026 3512 Sufficiat]
1038 3446 1164 3496 Nimirum
1176 3447 1283 3507 tidi,sed
1295 3462 1373 3512 prop.

277 3526 526 3588 libettntittissnum·
845 3529 886 3571 ter
908 3530 977 3570 tuem
1001 3523 1069 3570 ittam
1097 3523 1278 3571 verecundiam
1299 3530 1373 3574 tanto

308 3595 805 3660 ⁶NonertmimuJQuinniquidinvi·
845 3597 1131 3647 minnrnobisrnfficit.
1165 3598 1320 3660 Respexisse
1334 3600 1374 3647 vi·

277 3680 375 3731 dionunt
385 3678 466 3728 hebet
482 3675 608 3741 principis
624 3687 727 3734 nomen,
739 3673 804 3723 tund
845 3671 922 3720 detur
939 3673 970 3720 ud
982 3673 1045 3722 iliud
1056 3673 1131 3722 Tullii
1143 3687 1189 3736 pro
1206 3675 1289 3723 Marc.
1299 3689 1322 3724 c.
1331 3679 1374 3725 26.

276 3751 804 3821 toturnpopulerisconsuiirnominetem·
844 3746 942 3809 ‘Sarte
961 3748 983 3795 ti
1002 3748 1100 3809 itatis,
1119 3754 1220 3796 netnrre
1242 3745 1373 3810 fortesre;

277 3841 382 3898 perator
391 3840 418 3881 et
429 3830 574 3892 corrigitur.
846 3822 913 3872 oddo
922 3823 1009 3877 etium.
1019 3824 1040 3871 ri
1049 3824 1146 3886 piacet,
1156 3823 1260 3886 gioriae3
1271 3828 1373 3889 etqnod

309 3911 380 3960 ‘Te
400 3903 530 3966 comtem]
572 3905 692 3959 Quartum
713 3902 805 3952 inserit
845 3901 983 3948 maximnm
1001 3906 1051 3959 est,
1074 3899 1166 3961 petrin
1186 3905 1257 3948 certe
1277 3914 1371 3963 perum

277 3994 336 4052 post
347 3984 491 4037 Lirineinm
504 3979 699 4030 Rittershnsinr.
845 3971 951 4023 vixisti!

309 4063 405 4126 ‘Apud
424 4061 490 4110 Deos
507 4058 587 4104 adesse
605 4053 679 4117 [erre]
703 4051 734 4102 Id
755 4059 804 4114 est,
875 4050 888 4086 ¹¹
905 4051 962 4114 lite]
973 4051 1077 4099 Tertius
1085 4051 1129 4100 iiie
1138 4053 1288 4102 consuletur
1300 4058 1376 4104 tento

277 4139 370 4202 quibus
386 4138 467 4185 inetur
488 4132 539 4182 Dei
558 4131 609 4178 huc
627 4141 709 4192 usqne
721 4126 802 4176 inisti.
843 4143 900 4178 cnm
917 4127 994 4178 lende
1010 4142 1026 4177 e
1045 4135 1072 4177 te
1093 4136 1182 4191 gertus
1197 4144 1242 4180 nos
1260 4131 1372 4196 impulit,

278 4212 527 4275 Attiiegontoderre.
550 4202 802 4256 Senoutereetriini
842 4209 891 4254 dre.
1363 4207 1364 4211 ¹

277 4289 369 4340 adeste
380 4287 452 4336 nobis
465 4285 533 4334 neor
544 4281 708 4346 precantibus
726 4281 801 4336 solen
