3088 4848
234 341 300 413 288
595 355 627 410 o.
652 358 771 414 rursu
798 328 964 418 suuunur

230 501 448 572 reverentiam
462 499 720 584 magistratibus,
728 502 860 584 legibus
873 503 1114 580 auctoritatem,
1125 503 1323 574 medentium

231 602 499 686 postulantibus?
513 608 534 636 ¹¹¹
556 600 622 668 adi.
666 603 698 668 3.
722 601 823 680 Quod
844 604 957 668 euim¹²
978 605 1149 670 interesset
1163 605 1323 686 reipubli-

231 722 294 780 coe,
320 703 350 768 si
369 702 520 784 priuatus
542 721 651 780 esses,
671 704 842 768 consulem
867 709 899 768 te
921 704 1056 770 haberet
1076 711 1219 782 tuntum,
1235 725 1276 770 au
1290 714 1325 774 el

230 811 435 883 senatorem
458 803 522 866 hoc
536 821 624 870 nuuc
646 805 732 872 scito
755 806 930 882 interesse,
951 805 1137 888 principem
1153 814 1187 871 te
1201 806 1325 874 habeut

231 911 372 982 tautum,
388 923 432 996 un
452 913 486 968 et
500 904 684 970 consulem.
727 905 761 994 ‹t-
785 904 851 970 His
867 912 919 970 tot
934 906 1104 988 tantisque
1127 905 1324 984 rationibus,

229 1024 422 1087 quanquam
442 1004 580 1068 multum
603 1005 766 1069 reluctata
787 1005 989 1072 verecundia
1014 1006 1181 1088 principis
1207 1009 1323 1084 nostri,

229 1106 361 1171 taudem
376 1112 485 1170 tamen
499 1107 614 1172 cessit
657 1104 707 1170 At
722 1106 1005 1189 quemadmodum
1022 1106 1150 1176 cessitl
1188 1105 1323 1182 Nemee

229 1211 267 1271 ut
280 1206 431 1290 privetis,
447 1206 507 1270 sed
523 1217 559 1272 ut
573 1208 720 1290 privatos
736 1227 835 1290 pares
851 1208 929 1284 sibi,
945 1207 1077 1275 faceret.
1119 1209 1153 1272 5.
1177 1207 1325 1290 Recepit

229 1307 316 1372 enim
332 1309 464 1374 tertium
479 1311 698 1384 consulatum,
715 1316 752 1377 ut
764 1310 868 1376 daret.
892 1308 1048 1375 Noverat
1062 1309 1322 1376 moderationem

229 1408 408 1486 bominum,
422 1420 558 1475 noverat
579 1411 751 1493 pudorem,
766 1412 822 1495 qui
838 1430 904 1498 uon
919 1410 1117 1476 sustinerent
1132 1410 1231 1474 tertio
1245 1429 1321 1475 cou-

229 1497 343 1573 sules⁰
364 1530 451 1589 esse,
466 1511 531 1578 uisi
542 1531 617 1579 cum
633 1520 680 1576 ter
694 1513 857 1578 consula?
900 1511 1096 1582 Bellorumq
1112 1509 1201 1574 istud
1218 1510 1322 1578 sociis

228 1609 322 1689 olim,
347 1614 566 1695 periculorum
591 1615 816 1690 consortibus,
837 1628 939 1696 perce
964 1619 1086 1688 tumen,
1105 1610 1322 1689 tribuebatur,

684 1789 864 1812 nummu

229 1917 290 1966 edd.
298 1920 435 1970 modestiam
443 1918 620 1980 pensualium
637 1925 663 1965 rt
675 1918 712 1966 sic
724 1916 780 1966 rod.
791 1917 882 1966 Sallsb.
894 1931 910 1968 a
920 1931 954 1966 m.
965 1931 1003 1979 pr.
1037 1917 1091 1965 Pro
1100 1917 1150 1978 cdi,
1162 1915 1238 1966 codd.
1248 1917 1322 1973 vett,

230 1981 324 2032 Pater.
335 1983 418 2032 Paris.
429 1983 537 2032 Venett.
554 1989 577 2031 l.
588 1985 611 2030 2.
623 1981 714 2030 Sulisb.
724 1981 835 2044 Grrelpb.
847 1990 875 2030 et
886 1981 1055 2030 Schwsrzian.
1072 1981 1133 2029 itern
1146 1980 1204 2030 edd.
1220 1984 1322 2030 Puteol.

230 2047 353 2095 Beroald.
362 2057 389 2096 et
402 2047 544 2096 Philomus.
556 2046 651 2095 habent
661 2046 736 2095 adire
753 2046 862 2094 Bebrius
875 2045 1098 2107 interpolationem
1111 2044 1175 2092 lranc
1185 2059 1323 2106 suggerere

229 2118 337 2159 conatus
348 2117 407 2160 ests
424 2110 560 2160 modestiam
576 2112 676 2172 populo,·
691 2111 806 2172 stipulum
820 2115 844 2158 le
859 2109 980 2158 lictoribus
998 2111 1093 2157 ostende
1101 2107 1161 2156 !-s
1181 2109 1245 2162 Quid
1261 2110 1323 2158 errius

226 2175 331 2236 quidam
343 2174 419 2223 codd.
429 2181 457 2222 et
476 2174 536 2222 edd.
559 2175 657 2222 interest
672 2174 806 2236 reipublice
822 2174 898 2221 cedd.
915 2175 986 2222 Vett.
1005 2173 1089 2224 Paris.
1103 2173 1199 2222 Fater.
1216 2171 1322 2222 Venett.

228 2241 253 2284 l.
263 2241 287 2285 2.
295 2237 408 2299 Gtrelpb.
421 2246 449 2286 et
463 2239 526 2285 Exc-
538 2237 612 2284 Voss.
632 2239 747 2284 consulem
757 2243 780 2284 le
789 2237 869 2282 iuberi
880 2242 971 2284 tantm
981 2236 1039 2285 cod.
1051 2236 1143 2283 Pater.
1166 2237 1323 2284 emeritensem
1399 2251 1404 2258 ·

227 2300 325 2349 htrret
337 2299 421 2347 Lirin.
438 2298 522 2347 luubm
533 2299 602 2360 conj.
614 2298 724 2348 Ritters.
758 2299 831 2360 Mox,
842 2299 884 2346 lucc
893 2313 961 2347 ¹urrrrc
971 2299 1023 2348 scie
1031 2299 1088 2348 rod.
1099 2299 1242 2348 Petam—4
1260 2299 1323 2348 cod.

228 2363 320 2412 Pater.
341 2370 369 2412 et
392 2364 457 2412 Erre.
477 2363 554 2412 Voss.
572 2365 666 2411 tradem
687 2361 764 2418 ussit,
782 2363 878 2411 omissa
897 2376 961 2411 voce
983 2369 1068 2413 tum
1102 2364 1175 2426 Mox,
1194 2362 1240 2410 silli
1254 2377 1323 2424 peret

228 2427 305 2476 codd.
315 2428 437 2476 vrrs-s
455 2426 507 2475 Sex
518 2427 573 2474 lunc
586 2427 720 2486 voeabula,
736 2425 836 2489 Recepit
851 2427 914 2475 esim
930 2427 1027 2475 teretur
1037 2428 1190 2482 consulatum,
1201 2432 1227 2474 ut
1244 2429 1323 2488 duret,

201 2507 202 2512 ¹
228 2490 410 2540 desiderantur
421 2492 447 2539 iu
459 2490 536 2540 codd.
548 2489 619 2540 Vatt.
630 2495 654 2539 2·
664 2495 689 2539 4.
700 2491 814 2552 (luelpb.
830 2497 858 2538 et
867 2491 1037 2541 Schwarzirrn.
1071 2492 1193 2540 Bellorum
1203 2490 1324 2539 tutuderit

227 2554 287 2604 und.
304 2555 399 2605 Patra
417 2563 445 2604 et
460 2557 522 2604 Exc.
535 2556 610 2605 Voss.
634 2556 669 2604 B.
686 2556 705 2603 ι’.
723 2556 788 2612 otiis,
806 2555 847 2602 val
864 2555 930 2611 ociis,
949 2555 1026 2602 codd.
1043 2553 1127 2604 Psris.
1140 2557 1246 2602 Venatt.
1263 2559 1285 2602 1.
1297 2558 1322 2604 2.

147 2619 148 2624 ’
227 2618 342 2680 Grrelpb.
365 2626 392 2668 et
412 2618 585 2668 Srbwursirrn.
611 2619 646 2667 Β.
665 2619 720 2666 istis
735 2619 792 2666 otiis
811 2617 836 2664 iu
855 2617 1008 2681 quibusdem
1027 2617 1102 2665 Vatt.
1121 2619 1244 2666 Bellonam
1260 2617 1323 2666 orius

226 2683 324 2736 musu.
334 2691 361 2732 et
373 2699 388 2732 ι
400 2697 434 2732 rn.
446 2697 498 2733 sec.
509 2698 575 2734 osus.
609 2681 674 2731 Cod.
685 2683 777 2730 Pater.
787 2695 859 2744 perce
869 2687 918 2730 tum
927 2686 946 2730 t.
956 2698 980 2745 p.
993 2687 1019 2730 trr
1029 2695 1050 2730 s.
1062 2680 1150 2730 nostris
1162 2711 1169 2728 .
1181 2714 1200 2733 ..
1211 2681 1252 2730 sed
1261 2695 1323 2744 prs·

718 2849 825 2904 NOTAE

258 2987 276 3012 ¹¹¹
296 2975 490 3040 Portulustibsrr]
520 2975 560 3025 Au
582 2977 752 3040 petulantibus,
795 2978 868 3040 peius
880 2979 1003 3029 Victoriae
1014 2978 1164 3038 dedicabat,
1179 2977 1321 3034 inscribens

118 3047 122 3056 '
226 3059 256 3103 ut
277 3052 319 3100 alii
338 3052 445 3113 leprint3
470 3065 530 3100 uam
551 3051 705 3114 litigatores,
726 3062 753 3104 et
793 3052 853 3102 dum
874 3061 942 3102 esset
961 3055 1051 3110 Tertio,
1075 3053 1241 3116 rel-Tertium
1261 3068 1321 3102 oon.-

226 3127 359 3184 causidici,
379 3127 463 3190 inquit
483 3127 596 3190 Lipsius,
617 3127 753 3177 inrmodes-
794 3128 842 3176 sul.
873 3129 957 3180 Quam
978 3130 1179 3178 controversiam
1199 3128 1320 3177 dirimere

226 3209 280 3251 tum
294 3216 363 3264 srcpe
375 3216 455 3265 genus
472 3208 499 3250 et
512 3202 644 3266 jndicibus
662 3204 752 3253 moles·
793 3215 826 3252 ne
844 3218 919 3251 ausus
939 3203 1041 3266 quidem
1060 3210 1100 3251 est
1118 3202 1227 3250 Tullius.
1259 3202 1321 3251 Tres

226 3278 362 3328 tissimum.
794 3284 904 3340 tautum,
918 3279 1011 3342 iuquit,
1022 3278 1095 3342 hujus
1107 3279 1177 3326 rucis
1187 3277 1270 3328 litere
1283 3279 1320 3324 in-

256 3359 270 3384 ¹
283 3353 352 3408 Quod
362 3351 436 3414 esim]
455 3353 590 3402 Sententia
601 3361 655 3404 est:
675 3354 751 3406 Quod
793 3353 920 3417 uidentur,
934 3354 988 3403 Ter.
1008 3355 1063 3407 ,Sic
1080 3361 1106 3403 et
1119 3353 1208 3416 Tertio,
1220 3360 1247 3403 et
1264 3354 1321 3402 Ter·

225 3426 293 3476 euim
306 3426 396 3488 priscis
409 3426 567 3489 temporibus
578 3426 669 3477 fuisset
681 3443 695 3478 e
707 3429 752 3478 bo·
793 3429 853 3478 lium
864 3431 952 3488 consul
966 3443 1012 3493 pro
1023 3429 1131 3479 arbitrio
1143 3429 1254 3490 legetur.
1288 3428 1319 3476 ld

223 3513 259 3547 no
271 3497 430 3560 reipubllcae,
445 3499 466 3547 si
484 3500 598 3563 prirutns
613 3499 713 3562 fuisses,
724 3511 753 3552 ut
793 3519 824 3554 err
837 3506 952 3554 Varrone
970 3513 997 3554 et
1014 3505 1117 3554 Tironis
1136 3503 1247 3567 epistola
1262 3501 1320 3555 fusse

225 3580 315 3622 tenen
333 3574 463 3622 consulem
482 3575 568 3635 modo,
581 3575 627 3624 sed
642 3583 668 3625 et
677 3591 752 3626 sena·
792 3587 880 3628 narrat
892 3579 974 3632 Aulus
984 3573 1082 3628 Gellius
1094 3589 1122 3626 x.
1135 3571 1157 3625 l.

225 3656 307 3698 terem
316 3646 439 3710 haberem
454 3649 480 3698 id
493 3656 557 3711 puta
569 3651 671 3714 plurimi
682 3666 751 3702 nunc
824 3655 905 3702 n'l'er
922 3647 1025 3714 romule]
1054 3651 1147 3698 Utrum
1168 3650 1248 3700 Plinii
1275 3658 1320 3700 sut

223 3725 279 3790 ejus
297 3724 431 3786 interesse,
448 3729 478 3774 ut
496 3732 523 3773 te
542 3738 592 3772 non
606 3725 748 3788 principem
789 3724 887 3774 librarii
906 3724 993 3774 cautio
1013 3730 1063 3788 est,
1083 3725 1129 3774 Ter
1141 3739 1189 3790 pro
1203 3725 1319 3782 Tertium,

223 3807 335 3862 tentum,
353 3813 440 3848 rernm
459 3807 487 3848 et
504 3799 634 3848 consulem
646 3799 749 3864 behert,
789 3807 834 3850 rut
846 3801 935 3862 Tertio,
940 3801 1017 3864 Juxta
1027 3800 1103 3849 Tullii
1111 3801 1245 3852 consilium
1257 3803 1320 3852 scri·

223 3881 253 3922 ut
270 3881 298 3922 et
314 3869 477 3935 animositatis
495 3879 546 3921 lum
559 3875 680 3936 praesidio
693 3881 750 3926 tuta
792 3874 886 3940 brutis,
896 3877 938 3924 alii
949 3876 1061 3926 viderint
1069 3891 1077 3936 ;
1090 3876 1171 3926 sed-iu
1181 3877 1231 3926 stro
1239 3877 1318 3926 Plinii

223 3951 266 4003 sit,
282 3956 308 3997 et
320 3949 515 3998 administretur
527 3950 664 4012 sepientis.
790 3950 848 4000 loco
865 3951 974 4000 ‘iterum
995 3949 1102 4012 cousul,'
1119 3958 1146 4000 et
1166 3951 1233 4015 apud
1255 3953 1318 4002 alios

253 4032 265 4057 ⁰
277 4023 357 4074 Tertio
366 4025 482 4088 consules]
498 4024 558 4072 Fuit
569 4023 630 4072 illud
643 4025 748 4074 Cicero·
790 4024 798 4053 ‘
810 4025 848 4074 bis
859 4027 961 4076 cousul'
972 4026 1076 4090 legitur.

222 4099 261 4147 nie
287 4095 446 4163 temporibus
468 4114 483 4147 a
506 4099 566 4146 uiris
592 4098 748 4151 doctissimis
821 4102 981 4167 euenum]
999 4104 1035 4153 Ut
1056 4103 1141 4154 Julius
1157 4103 1244 4154 Cesar
1262 4100 1316 4152 An·

223 4173 358 4238 agitatum,
371 4184 456 4225 etrum
468 4177 493 4224 in
505 4172 571 4240 atde,
583 4187 658 4240 qurum
671 4174 747 4225 Pom·
789 4179 869 4247 tosio.
