3100 4854
688 339 794 438 vrrs..
818 394 821 400 ’
923 405 927 422 ·
1239 379 1283 441 95

191 575 195 582 -
232 531 347 609 Nunc,
375 531 451 596 istis
473 531 698 598 fundamentis
721 531 939 615 praestructis,
961 533 1007 596 ad
1034 553 1144 598 arcem
1167 544 1283 600 causae‘

186 632 400 709 veniendum,
428 637 466 696 nt
494 637 670 717 prohemus
694 635 841 698 Plinium
863 633 897 696 in
916 635 1120 715 provinciam
1140 635 1204 700 hoc
1227 657 1280 701 an.

187 735 268 798 cur.
297 751 381 798 0111.
405 735 544 800 missum
570 756 656 802 esse.
702 737 744 801 Id
767 727 879 801 antem
905 735 957 799 his
981 737 1162 800 evincimns
1183 756 1282 820 argu-

190 836 329 900 mentis.

194 957 199 986 1
236 955 262 1000 1.
283 938 340 1001 Ex
363 937 513 1020 superius
530 938 571 1002 de
587 939 698 1001 Basso
721 943 755 1003 et
774 936 909 1002 Vareno
932 937 1032 1001 dictis
1056 941 1197 1013 constat,
1217 957 1283 1002 nou

189 1037 297 1102 modo
311 1043 500 1120 utrumqne,
517 1038 577 1102 sed
600 1043 634 1101 et
654 1038 740 1101 duos
760 1037 848 1101 alios
863 1058 1012 1121 procoss.
1028 1043 1105 1101 ante
1120 1037 1284 1102 Nostrum

189 1139 386 1220 Bithyniam
401 1139 549 1217 rexisse;
570 1143 670 1220 atque
680 1138 848 1203 Varenum
864 1159 908 1202 err
920 1140 1092 1221 provincia
1105 1157 1283 1216 reversum,

190 1241 333 1303 ahsente
346 1240 503 1321 Trojano,
518 1240 552 1303 in
567 1239 679 1303 Dacia
698 1258 818 1322 nempe
841 1240 1066 1320 belligerante,
1090 1259 1181 1304 reum
1208 1259 1284 1304 esse

190 1340 405 1423 postulatum,
427 1339 571 1422 ejusque
595 1359 729 1404 causam
756 1341 800 1404 ad
823 1340 963 1405 reditum
985 1360 1092 1422 usque
1112 1325 1192 1423 imp.
1207 1362 1285 1424 pro-

189 1445 342 1516 tractam,
356 1440 379 1502 i.
396 1458 425 1502 e.
436 1439 479 1502 ad
490 1441 615 1503 exitum
632 1459 684 1504 an.
700 1439 777 1504 Chr.
790 1456 855 1505 o11.
870 1441 924 1506 vel
938 1459 1102 1503 summum
1114 1440 1215 1522 hujus
1231 1461 1286 1504 an.

193 1555 273 1603 0111.
303 1539 458 1621 initinm;
489 1540 632 1625 deniqne
657 1541 807 1613 Plinium
831 1541 902 1623 jam
931 1540 1108 1605 consulatu
1135 1541 1286 1604 sunctum

190 1641 303 1704 Basso
325 1641 473 1718 affuisse,
499 1661 538 1705 ac
564 1647 643 1723 post
663 1645 762 1706 hreve
791 1647 922 1723 tempus
943 1642 1088 1718 Vareno,
1112 1660 1286 1723 quousque

190 1741 357 1824 Trajunns
381 1741 454 1821 jam
478 1743 587 1802 redux
616 1741 662 1804 rei
691 1740 912 1821 coguitionem
940 1741 1135 1822 susceperit.
1180 1740 1287 1822 Igitur

191 1841 324 1904 Plinius
345 1841 436 1904 haud
452 1848 530 1904 ante
554 1839 643 1904 hunc
663 1859 719 1904 en.
742 1859 807 1903 nec
822 1838 898 1916 alio,
913 1841 1023 1921 poluit
1042 1839 1077 1902 iu
1093 1840 1286 1921 Bithyniam

191 1941 288 2005 mitti.
331 1940 423 2005 Nam
435 1960 510 2004 cum
521 1941 578 2005 ille
595 1941 740 2004 Bassum
754 1959 808 2002 an.
821 1938 897 2003 Chr.
910 1955 959 2002 01.
973 1939 1167 2003 citissimum
1182 1941 1286 2003 tuitus

192 2043 248 2116 sit,
263 2047 362 2124 atque
378 2061 462 2104 unus
478 2046 606 2105 tautum
621 2042 707 2104 inter
729 2040 873 2103 Bassum
894 2045 929 2103 et
942 2038 1111 2103 Varenum
1133 2057 1287 2122 procoss.

191 2141 304 2219 luerit,
329 2140 554 2223 Varenusque
581 2141 694 2217 alium,
722 2145 903 2223 antequam
926 2140 1103 2217 Nostrum,
1134 2140 1289 2205 habuerit

193 2259 444 2321 successorem
468 2261 527 2304 neo
544 2249 654 2304 tamen
674 2243 793 2325 singuli
814 2244 995 2324 plusquam
1010 2259 1132 2304 annum
1155 2241 1287 2324 provin-

193 2343 258 2407 ciae
270 2361 426 2426 praeesse,
439 2362 500 2425 pro
515 2361 605 2406 more
616 2361 763 2425 procoss.
776 2336 1021 2425 provinciarum
1033 2343 1163 2424 populi,
1173 2348 1290 2423 potue·

70 2447 75 2458 '
193 2443 282 2523 rint;
303 2443 353 2506 ita
367 2443 481 2524 liquet,
497 2447 562 2505 tres
585 2461 693 2505 annos
712 2447 837 2506 tautum
858 2443 943 2506 inter
958 2442 1060 2504 Bassi
1075 2444 1289 2523 proconsula-

195 2551 267 2606 tum
297 2550 399 2624 atque
429 2542 548 2607 Nostri
570 2543 771 2624 legationem
795 2543 1048 2619 intercessisse3
1078 2542 1134 2623 qui
1164 2542 1207 2604 ab
1234 2561 1290 2604 au.

195 2643 274 2706 Chr.
289 2660 322 2706 0.
336 2643 460 2720 medio,
474 2642 559 2727 (quo
580 2650 730 2725 ternpore
747 2639 899 2725 procoss.
910 2643 943 2703 in
960 2641 1151 2721 Bithyniam
1167 2642 1289 2704 missos

194 2762 240 2806 ex
253 2743 376 2808 Nostri
390 2743 597 2826 proiectione
613 2744 725 2826 palam
742 2741 808 2822 fit,)
827 2741 1000 2817 numerati,
1016 2741 1115 2821 (alias
1132 2739 1289 2804 Varenus

194 2862 407 2927 nequaquam
433 2852 511 2906 ante
532 2843 613 2906 belli
636 2842 759 2906 Dacici
780 2841 882 2905 finem
905 2861 950 2905 ex
977 2841 1150 2924 provincia
1172 2843 1289 2912 reverti

99 3001 102 3008 .
195 2941 391 3026 potuisset,)
406 2943 561 3007 desinent
574 2944 686 3006 medio
706 2963 841 3024 quoque
859 2962 912 3012 an.
929 2941 1005 3005 Chr.
1027 2956 1108 3003 0111.
1130 2959 1198 3024 quo
1219 2942 1291 3012 Pli-

194 3043 272 3107 nius
288 3042 453 3123 Bithyniae
470 3048 690 3123 propraetore
705 3040 852 3123 Trojano
863 3035 993 3109 creatus
1003 3041 1137 3103 omniun
1151 3040 1260 3104 suerit.

195 3219 198 3228 Ι
241 3159 282 3204 11.
304 3140 389 3205 Gum
405 3141 539 3204 Plinius
557 3142 620 3222 Ep.
638 3157 678 3203 x.
692 3141 746 3205 64.
762 3141 929 3217 scriberet,
946 3141 1018 3222 jam
1033 3141 1204 3202 biennium
1219 3149 1290 3212 erat

159 3305 165 3314 ,
196 3244 359 3325 clapsum,
376 3261 420 3306 ex
436 3261 502 3323 quo
519 3241 556 3305 S.
572 3241 613 3305 G.
629 3248 707 3304 acta
722 3241 825 3304 Bassi
843 3241 876 3303 in
890 3238 1048 3323 Bithynia
1062 3239 1207 3302 rescissa
1217 3239 1290 3311 fue-

196 3348 291 3422 rant3
322 3348 358 3406 at
383 3360 461 3405 vero
485 3361 561 3404 cum
584 3360 630 3404 ex
653 3339 762 3424 Epist.
788 3338 895 3403 tribus
917 3344 1046 3404 tantum
1074 3339 1290 3418 intermediis,

197 3444 361 3508 collocata
386 3446 429 3506 sit
454 3448 532 3524 post
557 3441 610 3506 60.
637 3460 706 3526 qna
727 3441 768 3504 de
788 3441 843 3506 die
865 3440 997 3524 imperii
1010 3439 1149 3523 Trajeui
1172 3443 1290 3524 agitur,
1396 3462 1415 3490 ’-

198 3563 297 3626 quem
313 3544 422 3625 prima
432 3543 504 3605 vice
513 3542 645 3606 Plinius
660 3543 694 3606 iu
705 3542 877 3626 provincia
888 3541 1086 3618 celebravit3
1107 3542 1182 3607 hinc
1197 3543 1291 3607 colli·

197 3663 274 3726 gere
288 3644 377 3718 licet,
392 3643 485 3705 illam
501 3643 566 3724 Ep.
587 3643 642 3706 64.
659 3643 791 3707 circitor
808 3660 842 3705 v.
858 3643 912 3707 vel
928 3660 979 3708 111.
996 3644 1168 3707 mensibus
1187 3645 1290 3724 scrip-

198 3752 277 3821 tam,
292 3728 475 3827 postquam'
488 3741 615 3806 Noster
630 3743 837 3826 provinciam
860 3745 1051 3808 intraverat.
1095 3740 1290 3818 Quinimmo

198 3865 249 3911 eru
259 3845 369 3928 Epist.
384 3843 550 3926 principio
565 3845 692 3907 haurire
713 3845 766 3908 las
778 3850 846 3918 est,
863 3843 956 3907 haud
967 3845 1071 3906 multo
1092 3847 1171 3924 post
1188 3841 1290 3904 Plinii

199 3945 393 4022 adventum,
416 3963 490 4008 cum
515 3945 570 4008 ille
594 3945 698 4008 semel
721 3950 848 4010 tantum
870 3945 1105 4027 imperatorem
1128 3941 1289 4006 derebus

197 4045 710 4128 provincialibusconsuluisset,
725 4046 862 4109 missam
877 4027 974 4108 esse(
1004 4041 1156 4122 Etenim3
1180 4045 1289 4106 ‘surn-

198 4147 295 4248 mas,'
318 4149 375 4226 ait,
396 4147 540 4228 ‘gratim
553 4165 628 4228 ago,
643 4134 733 4228 quod
752 4147 836 4210 inter
855 4145 1020 4210 maximas
1036 4143 1287 4227 occupationes,
