3022 4852
593 385 836 438 nrsrnvnrro.
978 375 982 384 '
1214 377 1259 444 19

154 556 220 622 qne
233 551 296 600 eos
307 532 449 617 opponit
467 528 653 600 ‘eruditis’
696 533 806 599 Etiam
818 531 910 617 apud
925 532 1072 600 creor.
1088 553 1112 601 r.
1121 536 1198 604 118.
1211 541 1259 605 ite

154 629 507 705 ‘barberiasorensis'
536 635 593 701 lix
613 637 814 705 ‘ordine’s
828 637 1096 722 ‘dispositione’
1108 643 1260 723 quecui·

156 761 224 827 qne
234 741 281 804 rei
291 740 388 804 luens
402 739 591 822 assignatur
601 741 645 817 is,
656 740 714 805 ubi
725 759 788 824 pro
797 741 944 806 consilio
956 739 1101 805 dicentis
1112 745 1260 812 maxime

156 841 339 930 persuadet
363 846 423 906 aut
444 839 598 918 delectat,
621 842 680 907 ubi
693 842 853 908 facillime
866 843 1029 910 memoria
1044 848 1180 923 tenetur,
1201 857 1262 914 ant

158 943 330 1010 eumaliis
344 943 514 1021 coalescit,
524 943 637 1009 elucet
650 935 795 1010 oratoris
804 945 983 1036 judicium.
1027 945 1116 1011 Tum
1135 951 1264 1014 ‘naus-

155 1048 218 1114 iri'
232 1047 332 1112 debet
353 1047 397 1111 ab
410 1065 480 1109 uuo
499 1047 695 1126 argumento
708 1046 751 1112 ad
774 1048 921 1114 alterurn.
965 1047 1055 1127 Quae
1076 1051 1106 1115 si
1131 1052 1263 1135 singula

159 1148 346 1226 commode,
360 1149 456 1225 scite,
468 1154 606 1214 venuste
615 1149 870 1234 conjunguntur,
886 1157 924 1216 nt
934 1153 1050 1217 omnia
1065 1171 1110 1218 ex
1126 1155 1166 1220 s'e
1181 1159 1264 1238 apta

162 1258 196 1320 et
206 1253 349 1316 naturali
360 1251 509 1336 quodam
519 1252 635 1317 ordine
645 1273 735 1318 nexa
750 1254 966 1336 reperiantur,
982 1258 1144 1323 utoratio
1159 1277 1265 1324 mem·

157 1356 295 1420 brorum
310 1355 461 1437 corperis
474 1373 658 1439 compages
672 1355 903 1440 etjuneturam
914 1357 1091 1427 aemuletur
1102 1381 1112 1441 3
1123 1362 1264 1428 multum

158 1458 237 1524 iude
250 1457 505 1542 perspicuitatis
522 1463 557 1522 et
571 1459 751 1525 suavitatis
765 1459 902 1527 accedit
915 1461 1071 1555 orationi.
1115 1463 1264 1546 Dignum

159 1581 242 1642 ergo
265 1555 478 1624 ‘transitum’
493 1559 626 1644 judicat
644 1560 803 1628 Suluerus
824 1563 860 1626 in
874 1561 1020 1628 'l'heoria
1035 1561 1167 1630 Artium
1188 1585 1218 1630 s.
1233 1585 1266 1628 v.

163 1662 376 1745 Uebergnng,
391 1663 451 1745 qni
464 1663 649 1746 recipietur
662 1665 697 1728 iu
711 1683 883 1730 numerum
898 1663 1096 1750 liguramm3
1111 1653 1200 1733 unde
1213 1676 1268 1734 ta-

159 1785 239 1832 men
261 1783 338 1828 eum
360 1764 481 1828 eximit
501 1762 725 1843 Quintilianus
746 1782 802 1830 rx.
821 1767 856 1834 3.
868 1768 925 1834 61.
948 1767 1131 1851 ‘Figurae'
1153 1790 1269 1838 omnes

162 1868 307 1934 artifices
323 1849 540 1933 annumerant
549 1867 737 1933 elocutioni
742 1888 753 1949 3
771 1869 899 1935 Noster
909 1869 988 1935 inde
999 1872 1145 1956 seponit.
1167 1875 1269 1939 ‘Ela-

163 1969 223 2036 ta'
245 1976 281 2034 et
307 1962 483 2034 ‘excelsa'
503 1977 640 2037 movent
669 1970 804 2055 quidem
831 1974 992 2052 animum,
1023 1975 1084 2039 sed
1109 1982 1143 2040 et
1165 1976 1270 2043 facile

164 2074 360 2140 satietatem
376 2071 525 2137 afferunt.
568 2072 676 2138 Recte
691 2074 791 2158 igitur
805 2073 940 2150 dicendi
955 2077 1270 2146 artescnminnliis
1317 2080 1328 2104 ‘

78 2167 83 2176 ’
162 2178 280 2254 robus,
294 2165 368 2242 turn
390 2178 425 2242 iu
447 2175 605 2242 ‘umbra'
626 2177 854 2257 admiscenda,
875 2180 1039 2262 picturam
1069 2190 1268 2265 sequuntur.

164 2279 344 2346 Nonnulla
370 2281 458 2344 enirn
483 2281 628 2346 teuniter
649 2289 686 2346 et
703 2282 871 2348 subtiliter
888 2282 1066 2350 tractanda
1088 2289 1176 2363 snut,
1202 2303 1270 2370 qno

164 2385 277 2464 magis
291 2383 422 2466 reliqua
442 2381 562 2450 feriant
576 2385 733 2452 animum·
777 2385 896 2452 Cicero
910 2385 971 2452 Or.
995 2401 1055 2451 111.
1075 2387 1151 2452 101.
1176 2385 1271 2452 ‘Ha-

164 2489 249 2552 beat
266 2486 329 2550 ille
340 2487 376 2551 in
395 2485 542 2550 dicendo
553 2485 742 2567 admiratio,
758 2492 791 2552 et
806 2507 936 2553 summa
955 2488 1032 2553 laus
1045 2489 1198 2554 umbram
1210 2489 1271 2554 eli-

165 2595 329 2675 qnam=et
345 2607 526 2666 recessum,
544 2607 612 2674 quo
636 2593 745 2673 magis
764 2590 812 2669 id,
833 2590 927 2673 quod
949 2590 1012 2654 erit
1031 2589 1270 2670 illuminatum,

167 2701 292 2760 extare¹
306 2704 407 2776 atque
426 2692 570 2758 eminere
591 2690 764 2757 videatur?
808 2691 878 2756 His
892 2692 992 2775 igitur
1005 2710 1072 2756 uon
1088 2697 1272 2772 temerant

167 2813 355 2878 speramns,
376 2794 570 2880 praemissis,
590 2793 663 2877 jam
685 2794 730 2859 ad
749 2793 987 2859 excutiendam
1009 2794 1199 2862 orationem
1220 2796 1272 2880 ip·
1320 2825 1325 2834 ·

169 2919 256 2974 sam,
273 2897 441 2982 Pliniiqne
455 2899 620 2982 ingenium
634 2896 881 2984 inspiciendum
895 2904 1148 2981 praevertemur.

212 2999 374 3084 Campus,
399 3003 434 3066 in
456 3020 557 3084 quem
582 3008 775 3066 excurreret
798 3001 943 3066 oratoris
966 2998 1210 3068 addicendum
1233 3020 1271 3078 se

171 3104 402 3186 componentis
423 3103 602 3186 ingenium,
617 3122 738 3186 magna
751 3109 823 3168 erat
842 3121 951 3167 rerum
973 3103 1198 3186 virtutumque
1213 3123 1273 3171 co-

172 3206 244 3288 pia,
269 3225 344 3290 quae
369 3208 474 3271 vitam
497 3205 636 3289 Trajeni
662 3211 851 3272 anteactam
875 3193 1049 3282 drnabaut,
1074 3205 1273 3292 civibusque

170 3307 340 3376 Romanis
360 3315 394 3374 et
416 3303 520 3373 sociis
539 3314 609 3373 tam
629 3307 818 3385 amabilem,
832 3323 932 3391 quam
949 3305 1134 3372 salutarem
1154 3297 1274 3374 redde-
1324 3377 1326 3382 ,
1397 3299 1401 3306 “

170 3413 264 3478 bant.
308 3413 378 3478 Eas
393 3413 512 3493 ,animo
535 3416 745 3478 contuentem
771 3418 806 3476 et
830 3410 1106 3496 complectentem
1131 3411 1275 3506 decebat

169 3517 316 3600 primum
337 3535 405 3580 non
429 3517 537 3581 solum
553 3515 679 3595 ordine,
695 3515 756 3582 sed
770 3521 803 3579 et
818 3523 988 3580 momento
1004 3513 1150 3599 qnbdam
1167 3519 1201 3580 et
1217 3514 1272 3597 jn·

172 3617 264 3684 dicio
279 3618 488 3702 dispensare,
505 3619 658 3702 sciteque
672 3618 758 3683 inter
772 3637 811 3682 se
826 3624 1045 3698 connectere;
1068 3625 1138 3681 tum
1154 3616 1274 3701 ampli-

172 3720 275 3786 ficare
297 3721 455 3798 dicendo,
475 3731 524 3805 ut,
546 3719 807 3807 qnae'cnjnsqde
823 3722 875 3786 vis
889 3721 993 3798 esset,
1012 3725 1199 3804 appareret,
1216 3718 1274 3783 de·

147 3891 150 3898 ,
170 3827 276 3910 nique
298 3830 350 3890 tot
371 3824 570 3890 elocutionis
591 3824 771 3916 illecebris,
794 3815 878 3908 dunt
902 3823 982 3888 huic
1007 3820 1139 3888 dicendi
1163 3823 1274 3904 generi

129 3935 140 3954 ⁸
172 3927 348 3992 conce'ssae'
371 3935 457 4006 sunt,
470 3929 601 3992 variare
625 3933 660 3992 et
677 3927 873 3992 illuminare.
917 3925 972 3990 De
987 3924 1042 3990 his
1050 3924 1195 4006 ,singulis
1209 3943 1273 4008 age

166 4031 242 4116 jorn
262 4031 446 4115 separatim
467 4030 655 4096 videamus.
698 4029 753 4096 Ae
775 4030 917 4115 primum
939 4027 1073 4112 quidem
1088 4025 1273 4094 laudande·

173 4150 245 4198 rum
261 4133 431 4198 hominnm
446 4133 572 4217 duplex
586 4139 642 4196 est
653 4125 759 4213 ratim
781 4138 818 4196 ut
833 4131 986 4215 pluribus
1001 4127 1150 4195 ostendit
1164 4129 1274 4208 Quin-

173 4237 311 4302 tilianus
332 4235 415 4302 lust.
437 4247 495 4301 ιιι.
517 4237 552 4302 7.
596 4234 747 4301 Possunt
765 4235 853 4299 enim
872 4249 988 4320 eorum
1010 4245 1065 4295 res
1086 4231 1272 4299 secundnm
1297 4315 1299 4319 Ι
