3112 4852
222 375 295 446 236.
588 391 621 438 e.
644 390 764 442 rnrrrrr
789 391 956 440 securint

266 533 357 598 Gar·
371 547 521 598 xxxix.
566 533 597 596 1.
621 532 697 598 Nec
722 551 805 598 rero
823 539 994 598 contentus
1015 532 1176 617 primumf
1195 555 1316 618 cogna-

221 635 324 700 tionis
338 635 474 716 gradum
488 635 673 700 abstulisse
689 635 869 711 vicesimae,
886 635 1070 700 secundum
1086 655 1223 721 qnoque
1237 657 1316 701 exe-¹

221 739 291 815 mit,
308 739 475 820 cavitque,
492 737 576 800 utin
591 737 715 801 sororis
728 738 826 802 bonis
840 737 951 815 frater,
967 743 1002 800 et
1013 746 1142 814 conns,
1157 739 1191 801 in
1206 738 1319 805 fratris

222 859 337 921 soror3
361 849 466 924 utque
487 859 571 905 avus
586 848 618 904 ot
634 840 758 920 ariam
773 840 886 922 neptis
902 841 1111 923 nepotisque,
1127 845 1160 904 et
1174 840 1317 906 invicem

220 941 282 1020 illi,
299 949 508 1006 servarentur
522 941 698 1005 immunes.
742 940 775 1004 2.
798 940 867 1006 His
880 959 1026 1022 quoque,
1041 943 1164 1025 quibus
1179 961 1238 1025 per
1251 943 1321 1008 La-

220 1044 327 1109 tium⁸
342 1043 461 1108 civitas
477 1042 635 1106 Romana
646 1041 823 1125 patuisset,
837 1041 925 1105 idem
938 1043 1085 1120 indulsit,
1096 1045 1317 1126 omnibusque

220 1146 354 1209 interse
374 1145 609 1226 cognationum
628 1142 706 1225 jura
729 1144 899 1206 commisit
925 1143 1035 1222 simul,
1060 1151 1097 1208 et
1121 1145 1254 1228 pariter,
1283 1153 1320 1209 et

220 1266 312 1311 more
328 1255 468 1324 naturae,
484 1265 561 1329 quae
584 1245 712 1328 priores
734 1245 905 1328 principes
921 1265 942 1309 a
957 1247 1099 1328 singulis
1121 1249 1231 1328 rogari
1245 1268 1318 1330 ges·

221 1350 363 1426 tiebnnt,
380 1368 449 1412 non
464 1354 532 1413 tam
547 1347 730 1431 praestandi
746 1348 867 1425 animo,
881 1367 984 1432 quant
999 1348 1170 1430 negandi!
1207 1351 1239 1414 3.
1263 1349 1317 1413 Ex

220 1470 289 1535 qno
304 1450 444 1532 intelligi
460 1459 586 1534 potest,
607 1461 743 1535 quantae
764 1451 996 1534 benignitatis,
1020 1452 1137 1534 quanti
1155 1449 1320 1534 spiritush

219 1552 330 1631 fuerit,
356 1571 507 1636 sparsas,
533 1561 646 1638 etque,
673 1565 712 1616 ut
736 1554 785 1617 ita
807 1553 932 1629 dicam,
959 1553 1088 1618 laceras
1116 1553 1319 1635 gentilitates

220 1654 379 1736 colligere
389 1661 488 1737 atque
496 1663 705 1732 connectere,
717 1663 750 1718 et
762 1656 861 1738 quasi
873 1657 1004 1720 renasci
1016 1656 1157 1738 jubere;
1179 1653 1318 1730 deferre,

220 1756 309 1844 qnod
325 1757 516 1838 negabatur,
533 1763 632 1840 atque
646 1757 680 1821 id
697 1763 856 1839 praestare
873 1759 1016 1835 cunctis,
1034 1757 1126 1840 quod
1146 1776 1237 1839 saepe
1252 1757 1319 1818 sin-

220 1857 287 1940 guli
314 1875 383 1920 non
404 1857 660 1940 impetrassent3
693 1863 874 1940 postremo,
896 1860 1006 1942 ipsum
1031 1859 1096 1921 sibi
1117 1859 1243 1940 eripere
1269 1863 1319 1920 tot

220 1957 456 2023 beneficiorum
473 1961 683 2036 occasiones,
708 1965 776 2023 tam
794 1979 1008 2024 numerosam
1024 1959 1197 2040 obligandi
1212 1959 1319 2041 impu·

220 2058 396 2144 tandiquei
411 2062 601 2126 materiam:
624 2061 805 2142 indignum,
822 2061 935 2138 credo,
945 2062 976 2124 ei
992 2063 1114 2137 visum,
1130 2061 1172 2123 ab
1187 2059 1319 2122 bomine

220 2165 303 2245 peti,
322 2162 413 2245 quod
437 2163 496 2227 Dii
519 2164 705 2232 dedissent.
750 2164 783 2225 4.
806 2162 946 2230 Sorores
962 2164 1055 2236 estis,
1075 2168 1107 2225 et
1117 2159 1254 2245 fratres,
1267 2161 1321 2224 oui

221 2271 255 2327 et
277 2271 436 2347 nepotes:
468 2265 549 2346 quid
572 2271 623 2328 est
644 2284 733 2346 ergo,
758 2284 816 2329 cnr
838 2262 988 2346 rogetis,j
1010 2272 1049 2328 nt
1074 2263 1172 2328 sitisl
1207 2261 1319 2328 Vobis

248 2427 266 2470 f
281 2430 338 2478 Non
346 2435 394 2478 tunt
406 2431 562 2480 noluntateeu
573 2431 722 2492 concedendi,
734 2445 803 2493 quem
814 2431 947 2478 recusandi.

682 2555 863 2578 “venenuo

254 2657 322 2707 Car.
340 2668 441 2704 xxxix.
477 2660 490 2705 1
509 2655 599 2705 Codex
612 2657 705 2705 Pater.
716 2661 741 2704 et
750 2656 850 2704 inuicem
866 2655 913 2704 siti
928 2661 1080 2704 remorentur
1097 2657 1267 2704 immanes-2
1285 2658 1322 2706 Iis

221 2736 310 2786 qnoque
321 2720 397 2769 codd.
408 2721 500 2769 Salisb.
514 2721 626 2783 Guelplt.
636 2730 663 2770 et
676 2721 845 2769 schwarzian.
868 2721 941 2782 Mox,
949 2719 1006 2768 cod.
1017 2720 1109 2767 Pater.
1120 2721 1205 2768 cirritos
1213 2721 1321 2770 Romane

216 2786 366 2849 potuisset..
378 2784 448 2845 ,ἑυνα
457 2785 572 2834 communi
582 2785 624 2840 sit,
642 2787 683 2846 tre.
715 2785 748 2834 ln
760 2785 911 2834 Etlevam.
923 2799 970 2846 pra
981 2783 1097 2834 commisit
1114 2785 1208 2845 legitur
1217 2800 1319 2833 emna-
1355 2829 1357 2833 .

220 2849 306 2906 nerra·
323 2857 349 2896 et
369 2850 395 2896 in
415 2849 456 2897 ed.
476 2850 579 2898 Puteol.
599 2852 673 2897 1476.
689 2849 806 2898 menone*
823 2849 865 2897 sa't.
900 2848 1059 2897 eodavm.
1071 2852 1096 2896 t.
1114 2854 1141 2897 et
1160 2848 1253 2897 Salisb.
1273 2863 1319 2911 pro

220 2916 292 2962 umet
308 2913 405 2960 babent
419 2913 498 2960 renrel.
531 2913 639 2960 Voculae
656 2917 681 2960 et
696 2913 790 2973 puriter
808 2911 899 2960 desunt
911 2913 936 2959 in
948 2911 1006 2960 cod.
1017 2913 1237 2962 seinamma-a
1254 2913 1319 2962 Cod.

221 2979 317 3027 Pater.
329 2989 432 3037 spureae,
442 2983 467 3026 et
477 2981 505 3024 at
515 2977 551 3024 ito
562 2975 673 3024 dixemus
706 2976 790 3024 Paulo
802 2982 860 3037 post
871 2976 918 3024 Dii
929 2974 1091 3024 desideratur
1101 2977 1127 3025 in
1138 2978 1213 3026 codd.
1225 2978 1284 3024 Vnt.
1296 2983 1320 3026 t.

221 3041 307 3092 Paris.
317 3040 412 3090 salisb.
428 3049 455 3089 et
474 3041 537 3088 Eae.
548 3041 625 3090 Voss.
643 3039 668 3088 in
686 3039 779 3090 Salisb.
792 3053 853 3088 vero
864 3047 938 3089 extat
949 3055 964 3088 e
975 3055 1008 3090 m.
1020 3055 1071 3089 esc.
1097 3042 1163 3090 Cod.
1173 3041 1268 3090 Vener.
1279 3042 1322 3090 ba·

221 3107 266 3156 bet
282 3108 343 3168 quod
359 3120 405 3154 non
422 3105 582 3155 dedisset-4
599 3105 687 3154 ‘Olim
706 3103 858 3159 Beroaldus,
876 3106 1022 3166 catenarus,
1033 3103 1127 3162 Aldus,
1139 3106 1319 3169 cuspinianus,

221 3173 359 3235 pluresque
377 3170 431 3232 alii,
446 3185 494 3233 pro
512 3170 550 3220 lris
569 3169 665 3224 verbis,
680 3183 722 3218 oter
743 3169 842 3232 rogetis,
851 3169 986 3218 ediderant
996 3185 1039 3218 ear
1049 3171 1142 3231 egetis?
1174 3171 1259 3221 Quam
1270 3171 1319 3218 lec·

221 3239 317 3284 tionem
328 3235 406 3284 etiarn
418 3235 501 3284 adbuc
514 3234 623 3284 retinuit
638 3234 697 3284 Jsc.
709 3235 741 3284 de
757 3236 783 3282 la
794 3234 878 3283 Banu.
902 3236 950 3283 lme
966 3235 1182 3297 interpretatione
1202 3235 1319 3297 adjectae

221 3301 228 3328 ‘
240 3303 293 3350 Cur
305 3301 388 3362 egetis
400 3299 525 3348 beneficio
538 3300 671 3362 principis,
689 3308 716 3347 ut
729 3299 785 3347 sitis
798 3300 833 3360 id,
845 3299 912 3362 qrtod
919 3301 974 3362 jam
987 3299 1060 3348 uobis
1072 3300 1145 3354 estis,
1156 3314 1251 3362 nempe
1259 3314 1320 3348 cou-

221 3363 386 3425 sanguiueii'
414 3364 545 3412 Livineius
561 3363 587 3411 in
599 3365 689 3413 codiee
699 3373 789 3412 vetere
808 3365 909 3426 legerat
925 3379 968 3414 ear
984 3365 1071 3424 regitis
1078 3379 1088 3422 ,·
1104 3363 1172 3412 unde
1186 3365 1242 3426 jam
1260 3378 1321 3414 cort·

217 3429 332 3491 jecerat,
349 3428 540 3476 rescribendum
553 3441 611 3476 esse
626 3443 670 3476 eur
680 3429 778 3489 rogetis,
798 3428 815 3476 i.
827 3443 850 3475 e.
861 3442 907 3476 cur
919 3428 1020 3477 demum
1036 3431 1070 3478 ab
1086 3427 1241 3491 imperatore
1259 3443 1319 3491 pre·

223 3494 295 3545 ribus
307 3491 448 3540 obtineatis
459 3493 619 3554 cognationis
625 3493 694 3555 jura,
706 3501 735 3540 ut
751 3505 861 3548 sorores,
880 3490 985 3546 fratres,
1002 3493 1052 3548 ari,
1070 3500 1098 3542 et
1116 3500 1235 3556 impotes,
1253 3494 1319 3558 sitis,

223 3565 301 3621 atque
310 3556 457 3618 hujusmodi
468 3557 628 3617 cognationis
641 3556 783 3618 privilegiis
795 3554 932 3605 fruamini?
949 3559 1013 3606 talea
1026 3557 1082 3620 jam
1094 3557 1168 3606 vobis
1182 3559 1254 3614 eatis,
1272 3571 1319 3621 per

222 3624 305 3685 ipsam
318 3629 445 3671 naturam.
479 3621 560 3670 Istam
573 3620 638 3670 adeo
655 3622 841 3669 correctionem
858 3621 912 3683 jam
930 3622 1085 3685 approbarit
1104 3622 1216 3685 Lipsius,
1232 3630 1260 3671 et
1275 3623 1320 3672 de·

720 3752 827 3802 NOTAE

255 3848 405 3912 ‘Primam
432 3849 465 3898 ln
488 3849 570 3912 primo
590 3849 752 3912 cognationis
792 3856 847 3900 not.
860 3858 880 3898 t.

222 3925 304 3991 gradu
315 3932 456 3974 censentur
466 3931 549 3986 pater,
559 3932 652 3986 mater,
660 3925 749 3976 liberi:
823 3925 835 3958 ¹¹
853 3927 945 3984 Qannti
958 3925 1071 3990 spiritus]
1087 3923 1198 3975 Quantae
1210 3925 1320 3975 excelsi·

222 4002 248 4048 iu
266 4001 379 4050 secundo
390 3999 479 4061 frater,
495 4013 576 4054 soror,
593 4014 666 4059 auus,
682 4000 750 4058 aria,
791 4002 947 4050 tatisanimi.

221 4079 319 4140 neptis,
330 4084 357 4126 et
369 4074 545 4140 nepos.,l⁷ide
556 4074 649 4125 Gaium
661 4074 694 4123 de
707 4089 749 4123 ra·
822 4077 829 4110 ¹
854 4076 1047 4142 Imputondiqae]
1075 4077 1162 4141 Supra
1185 4092 1245 4140 cap.
1268 4088 1318 4126 xx.

224 4155 269 4204 riis
281 4152 435 4202 affinitatum
447 4152 578 4216 gradibus.
791 4163 844 4204 not.
855 4163 875 4205 s.

256 4237 269 4273 t
285 4229 334 4278 Per
342 4229 452 4292 Latium]
469 4232 553 4294 Supra
569 4243 628 4294 cap.
640 4243 752 4282 xxxvii.
821 4229 891 4280 leur
897 4230 987 4292 regetis
994 4231 1093 4295 [egetis]
1104 4230 1239 4284 Beneficio
1249 4231 1318 4300 prin·
