<?xml version="1.0" encoding="UTF-8"?>
<!DOCTYPE html PUBLIC "-//W3C//DTD XHTML 1.0 Transitional//EN"
    "http://www.w3.org/TR/xhtml1/DTD/xhtml1-transitional.dtd">
<html xmlns="http://www.w3.org/1999/xhtml" xml:lang="en" lang="en">
 <head>
  <title>
</title>
<meta http-equiv="Content-Type" content="text/html;charset=utf-8" />
  <meta name='ocr-system' content='tesseract 3.04.00' />
  <meta name='ocr-capabilities' content='ocr_page ocr_carea ocr_par ocr_line ocrx_word'/>
</head>
<body>
  <div class='ocr_page' id='page_1' title='image "./panegyriciveter02baungoog_0364.png"; bbox 0 0 3050 4842; ppageno 0'>
   <div class='ocr_carea' id='block_1_1' title="bbox 503 395 1273 464">
    <p class='ocr_par' dir='ltr' id='par_1_1' title="bbox 503 395 1273 464">
     <span class='ocr_line' id='line_1_1' title="bbox 503 395 1273 464; baseline -0.029 -2"><span class='ocrx_word' id='word_1_1' title='bbox 503 409 785 462; x_wconf 73' lang='lat' dir='ltr'><strong>esunnrnrcus</strong></span> <span class='ocrx_word' id='word_1_2' title='bbox 833 411 857 458; x_wconf 89' lang='grc' dir='ltr'><strong>ι.</strong></span> <span class='ocrx_word' id='word_1_3' title='bbox 879 395 933 458; x_wconf 81' lang='grc'><strong>95.</strong></span> <span class='ocrx_word' id='word_1_4' title='bbox 1203 399 1273 464; x_wconf 75' lang='lat'><strong>357.</strong></span> 
     </span>
    </p>
   </div>
   <div class='ocr_carea' id='block_1_2' title="bbox 113 554 1272 1964">
    <p class='ocr_par' dir='ltr' id='par_1_2' title="bbox 113 554 1272 1782">
     <span class='ocr_line' id='line_1_2' title="bbox 171 554 1272 642; baseline 0 -18"><span class='ocrx_word' id='word_1_5' title='bbox 171 556 415 642; x_wconf 56' lang='lat' dir='ltr'><strong>injunxeram!</strong></span> <span class='ocrx_word' id='word_1_6' title='bbox 428 554 1028 637; x_wconf 76' lang='lat' dir='ltr'><strong>unucucoustentleaulquusimum</strong></span> <span class='ocrx_word' id='word_1_7' title='bbox 1038 558 1272 624; x_wconf 83' lang='lat' dir='ltr'><strong>testimoninm</strong></span> 
     </span>
     <span class='ocr_line' id='line_1_3' title="bbox 168 655 1270 744; baseline 0.002 -20"><span class='ocrx_word' id='word_1_8' title='bbox 168 659 395 744; x_wconf 82' lang='lat' dir='ltr'><strong>perhibuistis·</strong></span> <span class='ocrx_word' id='word_1_9' title='bbox 436 659 471 724; x_wconf 79' lang='lat' dir='ltr'><strong>a.</strong></span> <span class='ocrx_word' id='word_1_10' title='bbox 500 655 576 722; x_wconf 84' lang='lat' dir='ltr'><strong>Vos</strong></span> <span class='ocrx_word' id='word_1_11' title='bbox 602 656 756 740; x_wconf 76' lang='lat' dir='ltr'><strong>proxime</strong></span> <span class='ocrx_word' id='word_1_12' title='bbox 789 656 1045 723; x_wconf 75' lang='lat' dir='ltr'><strong>destinationem</strong></span> <span class='ocrx_word' id='word_1_13' title='bbox 1074 661 1270 726; x_wconf 84' lang='lat' dir='ltr'><strong>consulatus·</strong></span> 
     </span>
     <span class='ocr_line' id='line_1_4' title="bbox 170 757 1271 842; baseline 0.005 -18"><span class='ocrx_word' id='word_1_14' title='bbox 170 760 236 826; x_wconf 86' lang='lat' dir='ltr'><strong>mei</strong></span> <span class='ocrx_word' id='word_1_15' title='bbox 249 760 302 824; x_wconf 89' lang='lat' dir='ltr'><strong>his</strong></span> <span class='ocrx_word' id='word_1_16' title='bbox 316 760 610 826; x_wconf 77' lang='lat' dir='ltr'><strong>acclamationibus</strong></span> <span class='ocrx_word' id='word_1_17' title='bbox 625 759 889 842; x_wconf 83' lang='lat' dir='ltr'><strong>approbavistis,</strong></span> <span class='ocrx_word' id='word_1_18' title='bbox 905 765 943 822; x_wconf 91' lang='lat' dir='ltr'><strong>ut</strong></span> <span class='ocrx_word' id='word_1_19' title='bbox 957 757 1149 841; x_wconf 82' lang='lat' dir='ltr'>intelligam,</span> <span class='ocrx_word' id='word_1_20' title='bbox 1166 763 1271 830; x_wconf 85' lang='lat' dir='ltr'><strong>etinm&#39;</strong></span> 
     </span>
     <span class='ocr_line' id='line_1_5' title="bbox 172 861 1267 945; baseline 0.003 -19"><span class='ocrx_word' id='word_1_21' title='bbox 172 867 271 945; x_wconf 84' lang='lat' dir='ltr'><strong>etque</strong></span> <span class='ocrx_word' id='word_1_22' title='bbox 287 863 388 926; x_wconf 87' lang='lat' dir='ltr'><strong>etiam</strong></span> <span class='ocrx_word' id='word_1_23' title='bbox 408 862 594 926; x_wconf 83' lang='lat' dir='ltr'><strong>enitendum</strong></span> <span class='ocrx_word' id='word_1_24' title='bbox 616 861 706 934; x_wconf 91' lang='lat' dir='ltr'><strong>mihi,</strong></span> <span class='ocrx_word' id='word_1_25' title='bbox 733 868 771 924; x_wconf 92' lang='lat' dir='ltr'><strong>ut</strong></span> <span class='ocrx_word' id='word_1_26' title='bbox 791 861 880 925; x_wconf 91' lang='lat' dir='ltr'><strong>hunc</strong></span> <span class='ocrx_word' id='word_1_27' title='bbox 901 879 1100 925; x_wconf 88' lang='lat' dir='ltr'><strong>consensum</strong></span> <span class='ocrx_word' id='word_1_28' title='bbox 1123 869 1267 929; x_wconf 86' lang='lat' dir='ltr'><strong>vestrum</strong></span> 
     </span>
     <span class='ocr_line' id='line_1_6' title="bbox 172 961 1270 1046; baseline 0.001 -18"><span class='ocrx_word' id='word_1_29' title='bbox 172 964 386 1046; x_wconf 80' lang='lat' dir='ltr'><strong>complectar,</strong></span> <span class='ocrx_word' id='word_1_30' title='bbox 396 970 431 1030; x_wconf 88' lang='lat' dir='ltr'><strong>et</strong></span> <span class='ocrx_word' id='word_1_31' title='bbox 441 969 582 1042; x_wconf 88' lang='lat' dir='ltr'><strong>teneam,</strong></span> <span class='ocrx_word' id='word_1_32' title='bbox 591 968 626 1028; x_wconf 88' lang='lat' dir='ltr'><strong>et</strong></span> <span class='ocrx_word' id='word_1_33' title='bbox 634 963 668 1026; x_wconf 94' lang='lat' dir='ltr'><strong>in</strong></span> <span class='ocrx_word' id='word_1_34' title='bbox 680 961 752 1028; x_wconf 87' lang='lat' dir='ltr'><strong>dies</strong></span> <span class='ocrx_word' id='word_1_35' title='bbox 762 982 911 1044; x_wconf 79' lang='lat' dir='ltr'><strong>augeam.</strong></span> <span class='ocrx_word' id='word_1_36' title='bbox 932 964 967 1030; x_wconf 81' lang='grc'><strong>3.</strong></span> <span class='ocrx_word' id='word_1_37' title='bbox 980 961 1110 1030; x_wconf 83' lang='lat' dir='ltr'><strong>Etenim</strong></span> <span class='ocrx_word' id='word_1_38' title='bbox 1118 965 1270 1040; x_wconf 70' lang='lat' dir='ltr'><strong>memini·</strong></span> 
     </span>
     <span class='ocr_line' id='line_1_7' title="bbox 171 1064 1267 1150; baseline 0.002 -20"><span class='ocrx_word' id='word_1_39' title='bbox 171 1073 250 1130; x_wconf 90' lang='lat' dir='ltr'><strong>tunc</strong></span> <span class='ocrx_word' id='word_1_40' title='bbox 262 1065 433 1130; x_wconf 83' lang='lat' dir='ltr'><strong>verissime</strong></span> <span class='ocrx_word' id='word_1_41' title='bbox 444 1065 602 1150; x_wconf 86' lang='lat' dir='ltr'><strong>judicari,</strong></span> <span class='ocrx_word' id='word_1_42' title='bbox 616 1067 773 1130; x_wconf 87' lang='lat' dir='ltr'><strong>meruerit</strong></span> <span class='ocrx_word' id='word_1_43' title='bbox 787 1068 865 1149; x_wconf 85' lang='lat' dir='ltr'><strong>quis</strong></span> <span class='ocrx_word' id='word_1_44' title='bbox 879 1064 1046 1138; x_wconf 85' lang='lat' dir='ltr'><strong>honorem,</strong></span> <span class='ocrx_word' id='word_1_45' title='bbox 1059 1085 1177 1144; x_wconf 88' lang='lat' dir='ltr'><strong>necne,</strong></span> <span class='ocrx_word' id='word_1_46' title='bbox 1190 1086 1267 1132; x_wconf 91' lang='lat' dir='ltr'><strong>cum</strong></span> 
     </span>
     <span class='ocr_line' id='line_1_8' title="bbox 170 1162 1268 1251; baseline 0.002 -21"><span class='ocrx_word' id='word_1_47' title='bbox 170 1167 314 1250; x_wconf 88' lang='lat' dir='ltr'><strong>adeptus</strong></span> <span class='ocrx_word' id='word_1_48' title='bbox 341 1172 420 1232; x_wconf 75' lang='lat' dir='ltr'><strong>est·</strong></span> <span class='ocrx_word' id='word_1_49' title='bbox 462 1167 495 1230; x_wconf 78' lang='lat'><strong>4.</strong></span> <span class='ocrx_word' id='word_1_50' title='bbox 518 1165 592 1231; x_wconf 89' lang='lat' dir='ltr'><strong>Vos</strong></span> <span class='ocrx_word' id='word_1_51' title='bbox 619 1167 720 1231; x_wconf 90' lang='lat' dir='ltr'><strong>modo</strong></span> <span class='ocrx_word' id='word_1_52' title='bbox 748 1162 880 1231; x_wconf 66' lang='lat' dir='ltr'><strong>suvetot</strong></span> <span class='ocrx_word' id='word_1_53' title='bbox 909 1166 988 1231; x_wconf 90' lang='lat' dir='ltr'><strong>hnic</strong></span> <span class='ocrx_word' id='word_1_54' title='bbox 1017 1169 1202 1251; x_wconf 87' lang='lat' dir='ltr'><strong>proposito,</strong></span> <span class='ocrx_word' id='word_1_55' title='bbox 1232 1175 1268 1232; x_wconf 92' lang='lat' dir='ltr'><strong>et</strong></span> 
     </span>
     <span class='ocr_line' id='line_1_9' title="bbox 170 1268 1265 1351; baseline 0.002 -18"><span class='ocrx_word' id='word_1_56' title='bbox 170 1268 305 1345; x_wconf 87' lang='lat' dir='ltr'><strong>credite,</strong></span> <span class='ocrx_word' id='word_1_57' title='bbox 322 1269 351 1332; x_wconf 89' lang='lat' dir='ltr'><strong>si</strong></span> <span class='ocrx_word' id='word_1_58' title='bbox 367 1286 470 1332; x_wconf 89' lang='lat' dir='ltr'><strong>cursu</strong></span> <span class='ocrx_word' id='word_1_59' title='bbox 484 1269 630 1351; x_wconf 87' lang='lat' dir='ltr'><strong>quodam</strong></span> <span class='ocrx_word' id='word_1_60' title='bbox 646 1273 853 1350; x_wconf 78' lang='lat' dir='ltr'><strong>provectus⁸</strong></span> <span class='ocrx_word' id='word_1_61' title='bbox 874 1269 918 1332; x_wconf 91' lang='lat' dir='ltr'><strong>ab</strong></span> <span class='ocrx_word' id='word_1_62' title='bbox 933 1269 990 1332; x_wconf 94' lang='lat' dir='ltr'><strong>illo</strong></span> <span class='ocrx_word' id='word_1_63' title='bbox 1005 1268 1265 1335; x_wconf 86' lang='lat' dir='ltr'><strong>insidiosissime</strong></span> 
     </span>
     <span class='ocr_line' id='line_1_10' title="bbox 168 1363 1268 1455; baseline 0.004 -21"><span class='ocrx_word' id='word_1_64' title='bbox 168 1371 332 1454; x_wconf 86' lang='lat' dir='ltr'><strong>principe,</strong></span> <span class='ocrx_word' id='word_1_65' title='bbox 353 1379 430 1435; x_wconf 90' lang='lat' dir='ltr'><strong>ante</strong></span> <span class='ocrx_word' id='word_1_66' title='bbox 443 1390 545 1453; x_wconf 89' lang='lat' dir='ltr'><strong>qnam</strong></span> <span class='ocrx_word' id='word_1_67' title='bbox 558 1371 768 1453; x_wconf 85' lang='lat' dir='ltr'><strong>profiteretur</strong></span> <span class='ocrx_word' id='word_1_68' title='bbox 778 1371 892 1435; x_wconf 89' lang='lat' dir='ltr'><strong>odium</strong></span> <span class='ocrx_word' id='word_1_69' title='bbox 902 1372 1078 1448; x_wconf 86' lang='lat' dir='ltr'><strong>bonorum,</strong></span> <span class='ocrx_word' id='word_1_70' title='bbox 1087 1363 1268 1455; x_wconf 78' lang='lat' dir='ltr'><strong>postquam</strong></span> 
     </span>
     <span class='ocr_line' id='line_1_11' title="bbox 167 1470 1265 1556; baseline 0 -20"><span class='ocrx_word' id='word_1_71' title='bbox 167 1471 343 1556; x_wconf 85' lang='lat' dir='ltr'><strong>professos</strong></span> <span class='ocrx_word' id='word_1_72' title='bbox 354 1479 415 1545; x_wconf 89' lang='lat' dir='ltr'><strong>est,</strong></span> <span class='ocrx_word' id='word_1_73' title='bbox 433 1473 589 1551; x_wconf 81' lang='lat' dir='ltr'><strong>substiti3</strong></span> <span class='ocrx_word' id='word_1_74' title='bbox 606 1491 683 1537; x_wconf 94' lang='lat' dir='ltr'><strong>cum</strong></span> <span class='ocrx_word' id='word_1_75' title='bbox 702 1472 857 1546; x_wconf 86' lang='lat' dir='ltr'><strong>viderem,</strong></span> <span class='ocrx_word' id='word_1_76' title='bbox 868 1489 947 1553; x_wconf 82' lang='lat' dir='ltr'><strong>quae</strong></span> <span class='ocrx_word' id='word_1_77' title='bbox 963 1470 1005 1534; x_wconf 88' lang='lat' dir='ltr'><strong>ad</strong></span> <span class='ocrx_word' id='word_1_78' title='bbox 1020 1472 1160 1540; x_wconf 90' lang='lat' dir='ltr'><strong>honores</strong></span> <span class='ocrx_word' id='word_1_79' title='bbox 1175 1492 1265 1538; x_wconf 87' lang='lat' dir='ltr'><strong>com-</strong></span> 
     </span>
     <span class='ocr_line' id='line_1_12' title="bbox 167 1572 1267 1657; baseline 0 -19"><span class='ocrx_word' id='word_1_80' title='bbox 167 1574 293 1657; x_wconf 87' lang='lat' dir='ltr'><strong>pendia</strong></span> <span class='ocrx_word' id='word_1_81' title='bbox 314 1580 477 1655; x_wconf 86' lang='lat' dir='ltr'><strong>paterent,</strong></span> <span class='ocrx_word' id='word_1_82' title='bbox 494 1574 628 1655; x_wconf 85' lang='lat' dir='ltr'><strong>longius</strong></span> <span class='ocrx_word' id='word_1_83' title='bbox 643 1574 703 1637; x_wconf 89' lang='lat' dir='ltr'><strong>iter</strong></span> <span class='ocrx_word' id='word_1_84' title='bbox 717 1574 831 1638; x_wconf 91' lang='lat' dir='ltr'><strong>malui.</strong></span> <span class='ocrx_word' id='word_1_85' title='bbox 874 1576 907 1637; x_wconf 86' lang='lat'><strong>5.</strong></span> <span class='ocrx_word' id='word_1_86' title='bbox 930 1572 968 1636; x_wconf 92' lang='lat' dir='ltr'><strong>Si</strong></span> <span class='ocrx_word' id='word_1_87' title='bbox 989 1573 1088 1637; x_wconf 88' lang='lat' dir='ltr'><strong>malis</strong></span> <span class='ocrx_word' id='word_1_88' title='bbox 1111 1577 1267 1657; x_wconf 88' lang='lat' dir='ltr'><strong>tempori·</strong></span> 
     </span>
     <span class='ocr_line' id='line_1_13' title="bbox 113 1674 1264 1782; baseline 0 -43"><span class='ocrx_word' id='word_1_89' title='bbox 113 1765 123 1782; x_wconf 90' lang='lat'><strong>.</strong></span> <span class='ocrx_word' id='word_1_90' title='bbox 166 1675 233 1739; x_wconf 88' lang='lat' dir='ltr'><strong>bus</strong></span> <span class='ocrx_word' id='word_1_91' title='bbox 247 1675 333 1739; x_wconf 86' lang='lat' dir='ltr'><strong>inter</strong></span> <span class='ocrx_word' id='word_1_92' title='bbox 346 1683 488 1739; x_wconf 87' lang='lat' dir='ltr'><strong>moestos</strong></span> <span class='ocrx_word' id='word_1_93' title='bbox 502 1683 536 1740; x_wconf 92' lang='lat' dir='ltr'><strong>et</strong></span> <span class='ocrx_word' id='word_1_94' title='bbox 545 1684 729 1759; x_wconf 76' lang='lat' dir='ltr'><strong>paventes3</strong></span> <span class='ocrx_word' id='word_1_95' title='bbox 743 1677 854 1752; x_wconf 91' lang='lat' dir='ltr'><strong>bonis,</strong></span> <span class='ocrx_word' id='word_1_96' title='bbox 867 1675 952 1738; x_wconf 89' lang='lat' dir='ltr'><strong>inter</strong></span> <span class='ocrx_word' id='word_1_97' title='bbox 968 1693 1106 1739; x_wconf 88' lang='lat' dir='ltr'><strong>securos</strong></span> <span class='ocrx_word' id='word_1_98' title='bbox 1121 1674 1264 1756; x_wconf 85' lang='lat' dir='ltr'><strong>gauden-</strong></span> 
     </span>
    </p>

    <p class='ocr_par' dir='ltr' id='par_1_3' title="bbox 165 1775 1264 1964">
     <span class='ocr_line' id='line_1_14' title="bbox 166 1775 1264 1861; baseline 0.001 -20"><span class='ocrx_word' id='word_1_99' title='bbox 166 1783 296 1861; x_wconf 86' lang='lat' dir='ltr'><strong>tesque,</strong></span> <span class='ocrx_word' id='word_1_100' title='bbox 320 1796 498 1858; x_wconf 88' lang='lat' dir='ltr'><strong>numercr;</strong></span> <span class='ocrx_word' id='word_1_101' title='bbox 522 1778 552 1842; x_wconf 92' lang='lat' dir='ltr'><strong>si</strong></span> <span class='ocrx_word' id='word_1_102' title='bbox 577 1776 724 1860; x_wconf 91' lang='lat' dir='ltr'><strong>deniqne</strong></span> <span class='ocrx_word' id='word_1_103' title='bbox 745 1777 781 1840; x_wconf 93' lang='lat' dir='ltr'><strong>in</strong></span> <span class='ocrx_word' id='word_1_104' title='bbox 811 1782 938 1840; x_wconf 91' lang='lat' dir='ltr'><strong>tantum</strong></span> <span class='ocrx_word' id='word_1_105' title='bbox 968 1775 1073 1856; x_wconf 83' lang='lat' dir='ltr'><strong>diligo</strong></span> <span class='ocrx_word' id='word_1_106' title='bbox 1103 1778 1264 1858; x_wconf 87' lang='lat' dir='ltr'><strong>optimum</strong></span> 
     </span>
     <span class='ocr_line' id='line_1_15' title="bbox 165 1875 1264 1964; baseline -0.001 -21"><span class='ocrx_word' id='word_1_107' title='bbox 165 1879 362 1964; x_wconf 86' lang='lat' dir='ltr'><strong>principem,</strong></span> <span class='ocrx_word' id='word_1_108' title='bbox 379 1881 414 1943; x_wconf 91' lang='lat' dir='ltr'><strong>in</strong></span> <span class='ocrx_word' id='word_1_109' title='bbox 435 1885 592 1960; x_wconf 89' lang='lat' dir='ltr'><strong>quantum</strong></span> <span class='ocrx_word' id='word_1_110' title='bbox 608 1879 737 1944; x_wconf 86' lang='lat' dir='ltr'><strong>invisus</strong></span> <span class='ocrx_word' id='word_1_111' title='bbox 761 1879 909 1961; x_wconf 88' lang='lat' dir='ltr'><strong>pessimo</strong></span> <span class='ocrx_word' id='word_1_112' title='bbox 923 1877 983 1941; x_wconf 83' lang='lat' dir='ltr'><strong>sui.</strong></span> <span class='ocrx_word' id='word_1_113' title='bbox 1028 1877 1061 1939; x_wconf 90' lang='lat'><strong>6.</strong></span> <span class='ocrx_word' id='word_1_114' title='bbox 1083 1875 1157 1958; x_wconf 86' lang='lat' dir='ltr'><strong>Ego</strong></span> <span class='ocrx_word' id='word_1_115' title='bbox 1172 1895 1264 1942; x_wconf 86' lang='lat' dir='ltr'><strong>reve·</strong></span> 
     </span>
    </p>
   </div>
   <div class='ocr_carea' id='block_1_3' title="bbox 166 2071 1263 2188">
    <p class='ocr_par' dir='ltr' id='par_1_4' title="bbox 166 2071 1263 2188">
     <span class='ocr_line' id='line_1_16' title="bbox 166 2071 1263 2188; baseline -0.003 -63"><span class='ocrx_word' id='word_1_116' title='bbox 166 2075 288 2188; x_wconf 34' lang='lat' dir='ltr'><strong>denqiue</strong></span> <span class='ocrx_word' id='word_1_117' title='bbox 298 2075 446 2138; x_wconf 79' lang='lat' dir='ltr'><strong>imposuistis</strong></span> <span class='ocrx_word' id='word_1_118' title='bbox 454 2074 523 2137; x_wconf 81' lang='lat' dir='ltr'><strong>mibi,</strong></span> <span class='ocrx_word' id='word_1_119' title='bbox 535 2081 572 2136; x_wconf 82' lang='lat' dir='ltr'><strong>ut,</strong></span> <span class='ocrx_word' id='word_1_120' title='bbox 580 2089 624 2138; x_wconf 84' lang='lat' dir='ltr'><strong>pro</strong></span> <span class='ocrx_word' id='word_1_121' title='bbox 634 2089 685 2124; x_wconf 85' lang='lat' dir='ltr'><strong>meu</strong></span> <span class='ocrx_word' id='word_1_122' title='bbox 697 2074 791 2124; x_wconf 79' lang='lat' dir='ltr'><strong>dicendi</strong></span> <span class='ocrx_word' id='word_1_123' title='bbox 801 2075 930 2134; x_wconf 78' lang='lat' dir='ltr'><strong>sumitate,</strong></span> <span class='ocrx_word' id='word_1_124' title='bbox 949 2087 1044 2122; x_wconf 77' lang='lat' dir='ltr'><strong>canscm</strong></span> <span class='ocrx_word' id='word_1_125' title='bbox 1054 2075 1171 2122; x_wconf 69' lang='lat' dir='ltr'><strong>susim</strong></span> <span class='ocrx_word' id='word_1_126' title='bbox 1181 2071 1263 2132; x_wconf 80' lang='lat' dir='ltr'><strong>defeu-</strong></span> 
     </span>
    </p>
   </div>
   <div class='ocr_carea' id='block_1_4' title="bbox 157 2354 1262 3321">
    <p class='ocr_par' dir='ltr' id='par_1_5' title="bbox 157 2354 1262 3321">
     <span class='ocr_line' id='line_1_17' title="bbox 163 2354 1262 2419; baseline -0.004 -13"><span class='ocrx_word' id='word_1_127' title='bbox 163 2358 181 2406; x_wconf 87' lang='lat' dir='ltr'><strong>i.</strong></span> <span class='ocrx_word' id='word_1_128' title='bbox 195 2371 248 2405; x_wconf 83' lang='lat' dir='ltr'><strong>eum</strong></span> <span class='ocrx_word' id='word_1_129' title='bbox 263 2362 313 2407; x_wconf 81' lang='lat' dir='ltr'><strong>tum</strong></span> <span class='ocrx_word' id='word_1_130' title='bbox 322 2355 471 2419; x_wconf 80' lang='lat' dir='ltr'><strong>eoustnutioe,</strong></span> <span class='ocrx_word' id='word_1_131' title='bbox 479 2359 519 2418; x_wconf 64' lang='lat' dir='ltr'><strong>qe.</strong></span> <span class='ocrx_word' id='word_1_132' title='bbox 534 2354 643 2405; x_wconf 83' lang='lat' dir='ltr'><strong>Venett.</strong></span> <span class='ocrx_word' id='word_1_133' title='bbox 655 2359 678 2404; x_wconf 90' lang='lat'><strong>1.</strong></span> <span class='ocrx_word' id='word_1_134' title='bbox 687 2359 711 2404; x_wconf 73' lang='lat'><strong>2.</strong></span> <span class='ocrx_word' id='word_1_135' title='bbox 723 2369 763 2404; x_wconf 84' lang='lat' dir='ltr'><strong>uos</strong></span> <span class='ocrx_word' id='word_1_136' title='bbox 774 2355 799 2403; x_wconf 85' lang='lat' dir='ltr'><strong>iu</strong></span> <span class='ocrx_word' id='word_1_137' title='bbox 810 2355 865 2404; x_wconf 85' lang='lat' dir='ltr'><strong>istis</strong></span> <span class='ocrx_word' id='word_1_138' title='bbox 873 2354 956 2419; x_wconf 76' lang='lat' dir='ltr'><strong>qfficiis</strong></span> <span class='ocrx_word' id='word_1_139' title='bbox 964 2354 1046 2409; x_wconf 83' lang='lat' dir='ltr'><strong>etium,</strong></span> <span class='ocrx_word' id='word_1_140' title='bbox 1057 2367 1109 2416; x_wconf 77' lang='lat' dir='ltr'><strong>que</strong></span> <span class='ocrx_word' id='word_1_141' title='bbox 1120 2358 1144 2401; x_wconf 87' lang='lat' dir='ltr'><strong>et</strong></span> <span class='ocrx_word' id='word_1_142' title='bbox 1154 2354 1262 2402; x_wconf 81' lang='lat' dir='ltr'><strong>estudiis</strong></span> 
     </span>
     <span class='ocr_line' id='line_1_18' title="bbox 161 2417 1261 2481; baseline -0.005 -10"><span class='ocrx_word' id='word_1_143' title='bbox 161 2422 307 2472; x_wconf 70' lang='lat' dir='ltr'><strong>musteus.</strong></span> <span class='ocrx_word' id='word_1_144' title='bbox 318 2436 338 2471; x_wconf 83' lang='lat' dir='ltr'><strong>s.</strong></span> <span class='ocrx_word' id='word_1_145' title='bbox 348 2421 367 2469; x_wconf 87' lang='lat' dir='ltr'><strong>t&#39;.</strong></span> <span class='ocrx_word' id='word_1_146' title='bbox 378 2435 430 2470; x_wconf 73' lang='lat' dir='ltr'><strong>mm</strong></span> <span class='ocrx_word' id='word_1_147' title='bbox 441 2428 491 2469; x_wconf 82' lang='lat' dir='ltr'><strong>tum</strong></span> <span class='ocrx_word' id='word_1_148' title='bbox 500 2420 649 2480; x_wconf 72' lang='lat' dir='ltr'><strong>cumanae,</strong></span> <span class='ocrx_word' id='word_1_149' title='bbox 661 2422 701 2481; x_wconf 59' lang='lat' dir='ltr'><strong>qe.</strong></span> <span class='ocrx_word' id='word_1_150' title='bbox 718 2427 746 2468; x_wconf 88' lang='lat' dir='ltr'><strong>et</strong></span> <span class='ocrx_word' id='word_1_151' title='bbox 757 2420 793 2467; x_wconf 85' lang='lat' dir='ltr'><strong>sic</strong></span> <span class='ocrx_word' id='word_1_152' title='bbox 803 2421 897 2468; x_wconf 82' lang='lat' dir='ltr'><strong>salisb.</strong></span> <span class='ocrx_word' id='word_1_153' title='bbox 910 2425 938 2466; x_wconf 90' lang='lat' dir='ltr'><strong>et</strong></span> <span class='ocrx_word' id='word_1_154' title='bbox 950 2419 1123 2467; x_wconf 82' lang='lat' dir='ltr'><strong>Schwersinn.</strong></span> <span class='ocrx_word' id='word_1_155' title='bbox 1132 2417 1180 2464; x_wconf 78' lang='lat' dir='ltr'><strong>nisi</strong></span> <span class='ocrx_word' id='word_1_156' title='bbox 1191 2417 1261 2479; x_wconf 85' lang='lat' dir='ltr'><strong>quod</strong></span> 
     </span>
     <span class='ocr_line' id='line_1_19' title="bbox 163 2481 1261 2549; baseline -0.003 -16"><span class='ocrx_word' id='word_1_157' title='bbox 163 2492 342 2549; x_wconf 73' lang='lat' dir='ltr'><strong>prccantum,</strong></span> <span class='ocrx_word' id='word_1_158' title='bbox 358 2487 440 2534; x_wconf 87' lang='lat' dir='ltr'><strong>solum</strong></span> <span class='ocrx_word' id='word_1_159' title='bbox 451 2487 561 2533; x_wconf 81' lang='lat' dir='ltr'><strong>habeant</strong></span> <span class='ocrx_word' id='word_1_160' title='bbox 572 2498 635 2542; x_wconf 81' lang='lat' dir='ltr'><strong>com,</strong></span> <span class='ocrx_word' id='word_1_161' title='bbox 653 2492 680 2531; x_wconf 89' lang='lat' dir='ltr'><strong>et</strong></span> <span class='ocrx_word' id='word_1_162' title='bbox 697 2484 870 2531; x_wconf 81' lang='lat' dir='ltr'><strong>Schwarsian.</strong></span> <span class='ocrx_word' id='word_1_163' title='bbox 887 2489 1016 2542; x_wconf 77' lang='lat' dir='ltr'><strong>praeterea</strong></span> <span class='ocrx_word' id='word_1_164' title='bbox 1027 2481 1236 2542; x_wconf 77' lang='lat' dir='ltr'><strong>praepositionem</strong></span> <span class='ocrx_word' id='word_1_165' title='bbox 1248 2497 1261 2530; x_wconf 89' lang='lat' dir='ltr'><strong>e</strong></span> 
     </span>
     <span class='ocr_line' id='line_1_20' title="bbox 163 2542 1262 2613; baseline -0.005 -16"><span class='ocrx_word' id='word_1_166' title='bbox 163 2552 355 2613; x_wconf 68' lang='lat' dir='ltr'><strong>pretermittit.</strong></span> <span class='ocrx_word' id='word_1_167' title='bbox 379 2549 436 2598; x_wconf 86' lang='lat' dir='ltr'><strong>Vox</strong></span> <span class='ocrx_word' id='word_1_168' title='bbox 448 2549 527 2598; x_wconf 79' lang='lat' dir='ltr'><strong>cuncti</strong></span> <span class='ocrx_word' id='word_1_169' title='bbox 541 2549 567 2596; x_wconf 92' lang='lat' dir='ltr'><strong>in</strong></span> <span class='ocrx_word' id='word_1_170' title='bbox 578 2549 648 2595; x_wconf 89' lang='lat' dir='ltr'><strong>nullo</strong></span> <span class='ocrx_word' id='word_1_171' title='bbox 663 2545 721 2596; x_wconf 89' lang='lat' dir='ltr'><strong>cod.</strong></span> <span class='ocrx_word' id='word_1_172' title='bbox 731 2548 833 2607; x_wconf 82' lang='lat' dir='ltr'><strong>integre</strong></span> <span class='ocrx_word' id='word_1_173' title='bbox 842 2545 1006 2607; x_wconf 80' lang='lat' dir='ltr'><strong>exprimitur.</strong></span> <span class='ocrx_word' id='word_1_174' title='bbox 1031 2544 1062 2592; x_wconf 90' lang='lat' dir='ltr'><strong>ln</strong></span> <span class='ocrx_word' id='word_1_175' title='bbox 1075 2544 1133 2591; x_wconf 78' lang='lat' dir='ltr'><strong>iod.</strong></span> <span class='ocrx_word' id='word_1_176' title='bbox 1145 2542 1262 2592; x_wconf 76' lang='lat' dir='ltr'><strong>Schwar-</strong></span> 
     </span>
     <span class='ocr_line' id='line_1_21' title="bbox 161 2606 1261 2677; baseline -0.008 -14"><span class='ocrx_word' id='word_1_177' title='bbox 161 2615 227 2663; x_wconf 80' lang='lat' dir='ltr'><strong>zien.</strong></span> <span class='ocrx_word' id='word_1_178' title='bbox 239 2629 287 2676; x_wconf 88' lang='lat' dir='ltr'><strong>pro</strong></span> <span class='ocrx_word' id='word_1_179' title='bbox 301 2613 464 2677; x_wconf 71' lang='lat' dir='ltr'><strong>perhibuistis,</strong></span> <span class='ocrx_word' id='word_1_180' title='bbox 475 2615 601 2675; x_wconf 83' lang='lat' dir='ltr'><strong>scriptum</strong></span> <span class='ocrx_word' id='word_1_181' title='bbox 613 2618 655 2659; x_wconf 89' lang='lat' dir='ltr'><strong>est</strong></span> <span class='ocrx_word' id='word_1_182' title='bbox 669 2610 823 2671; x_wconf 72' lang='lat' dir='ltr'><strong>prohibuistis</strong></span> <span class='ocrx_word' id='word_1_183' title='bbox 830 2626 841 2667; x_wconf 89' lang='lat'><strong>,·</strong></span> <span class='ocrx_word' id='word_1_184' title='bbox 852 2609 878 2657; x_wconf 90' lang='lat' dir='ltr'><strong>in</strong></span> <span class='ocrx_word' id='word_1_185' title='bbox 891 2610 955 2657; x_wconf 83' lang='lat' dir='ltr'><strong>Erre.</strong></span> <span class='ocrx_word' id='word_1_186' title='bbox 964 2609 1040 2656; x_wconf 87' lang='lat' dir='ltr'><strong>Voss.</strong></span> <span class='ocrx_word' id='word_1_187' title='bbox 1055 2606 1261 2669; x_wconf 60' lang='lat' dir='ltr'><strong>perhibuistis.—</strong></span> 
     </span>
     <span class='ocr_line' id='line_1_22' title="bbox 161 2669 1261 2738; baseline -0.009 -10"><span class='ocrx_word' id='word_1_188' title='bbox 161 2679 260 2728; x_wconf 80' lang='lat' dir='ltr'><strong>acod.</strong></span> <span class='ocrx_word' id='word_1_189' title='bbox 279 2679 450 2728; x_wconf 80' lang='lat' dir='ltr'><strong>Schwarziau.</strong></span> <span class='ocrx_word' id='word_1_190' title='bbox 472 2677 510 2726; x_wconf 82' lang='lat' dir='ltr'><strong>iis</strong></span> <span class='ocrx_word' id='word_1_191' title='bbox 528 2692 552 2725; x_wconf 88' lang='lat' dir='ltr'><strong>o.</strong></span> <span class='ocrx_word' id='word_1_192' title='bbox 572 2674 717 2738; x_wconf 75' lang='lat' dir='ltr'><strong>probavistis</strong></span> <span class='ocrx_word' id='word_1_193' title='bbox 722 2689 732 2731; x_wconf 89' lang='lat'><strong><em>;</em></strong></span> <span class='ocrx_word' id='word_1_194' title='bbox 750 2675 810 2723; x_wconf 88' lang='lat' dir='ltr'><strong>Vat.</strong></span> <span class='ocrx_word' id='word_1_195' title='bbox 829 2682 857 2722; x_wconf 87' lang='lat' dir='ltr'><strong>et</strong></span> <span class='ocrx_word' id='word_1_196' title='bbox 876 2673 988 2735; x_wconf 83' lang='lat' dir='ltr'><strong>Guelplr.</strong></span> <span class='ocrx_word' id='word_1_197' title='bbox 1010 2671 1049 2718; x_wconf 85' lang='lat' dir='ltr'><strong>itis</strong></span> <span class='ocrx_word' id='word_1_198' title='bbox 1062 2686 1087 2719; x_wconf 87' lang='lat' dir='ltr'><strong>o.</strong></span> <span class='ocrx_word' id='word_1_199' title='bbox 1104 2669 1261 2733; x_wconf 73' lang='lat' dir='ltr'><strong>approbastis,</strong></span> 
     </span>
     <span class='ocr_line' id='line_1_23' title="bbox 160 2733 1260 2805; baseline -0.007 -15"><span class='ocrx_word' id='word_1_200' title='bbox 160 2742 238 2805; x_wconf 81' lang='lat' dir='ltr'><strong>Mox,</strong></span> <span class='ocrx_word' id='word_1_201' title='bbox 254 2741 312 2791; x_wconf 79' lang='lat' dir='ltr'><strong>doae</strong></span> <span class='ocrx_word' id='word_1_202' title='bbox 329 2742 475 2805; x_wconf 70' lang='lat' dir='ltr'><strong>particule,</strong></span> <span class='ocrx_word' id='word_1_203' title='bbox 492 2747 563 2802; x_wconf 81' lang='lat' dir='ltr'><strong>utque</strong></span> <span class='ocrx_word' id='word_1_204' title='bbox 575 2741 656 2792; x_wconf 82' lang='lat' dir='ltr'><strong>etiem,</strong></span> <span class='ocrx_word' id='word_1_205' title='bbox 667 2738 767 2787; x_wconf 82' lang='lat' dir='ltr'><strong>omissae</strong></span> <span class='ocrx_word' id='word_1_206' title='bbox 777 2745 836 2786; x_wconf 91' lang='lat' dir='ltr'><strong>suot</strong></span> <span class='ocrx_word' id='word_1_207' title='bbox 848 2738 873 2784; x_wconf 91' lang='lat' dir='ltr'><strong>iu</strong></span> <span class='ocrx_word' id='word_1_208' title='bbox 885 2737 946 2786; x_wconf 83' lang='lat' dir='ltr'><strong>Vnt.</strong></span> <span class='ocrx_word' id='word_1_209' title='bbox 959 2742 987 2784; x_wconf 88' lang='lat' dir='ltr'><strong>et</strong></span> <span class='ocrx_word' id='word_1_210' title='bbox 998 2734 1111 2796; x_wconf 80' lang='lat' dir='ltr'><strong>Gtrelpb.</strong></span> <span class='ocrx_word' id='word_1_211' title='bbox 1145 2733 1260 2797; x_wconf 88' lang='lat' dir='ltr'><strong>Deinde,</strong></span> 
     </span>
     <span class='ocr_line' id='line_1_24' title="bbox 160 2798 1259 2870; baseline -0.008 -15"><span class='ocrx_word' id='word_1_212' title='bbox 160 2822 209 2870; x_wconf 91' lang='lat' dir='ltr'><strong>pro</strong></span> <span class='ocrx_word' id='word_1_213' title='bbox 225 2808 305 2855; x_wconf 84' lang='lat' dir='ltr'><strong>verbo</strong></span> <span class='ocrx_word' id='word_1_214' title='bbox 323 2807 472 2868; x_wconf 80' lang='lat' dir='ltr'><strong>complector,</strong></span> <span class='ocrx_word' id='word_1_215' title='bbox 491 2805 614 2864; x_wconf 87' lang='lat' dir='ltr'><strong>scriptum</strong></span> <span class='ocrx_word' id='word_1_216' title='bbox 635 2811 678 2850; x_wconf 87' lang='lat' dir='ltr'><strong>est</strong></span> <span class='ocrx_word' id='word_1_217' title='bbox 697 2804 723 2848; x_wconf 93' lang='lat' dir='ltr'><strong>iu</strong></span> <span class='ocrx_word' id='word_1_218' title='bbox 743 2803 802 2850; x_wconf 90' lang='lat' dir='ltr'><strong>cod.</strong></span> <span class='ocrx_word' id='word_1_219' title='bbox 818 2801 903 2849; x_wconf 83' lang='lat' dir='ltr'><strong>Paris.</strong></span> <span class='ocrx_word' id='word_1_220' title='bbox 929 2801 1114 2860; x_wconf 62' lang='lat' dir='ltr'><strong>amplectae-3</strong></span> <span class='ocrx_word' id='word_1_221' title='bbox 1132 2798 1259 2846; x_wconf 85' lang='lat' dir='ltr'><strong>Nonnulli</strong></span> 
     </span>
     <span class='ocr_line' id='line_1_25' title="bbox 161 2861 1260 2926; baseline -0.007 -6"><span class='ocrx_word' id='word_1_222' title='bbox 161 2870 238 2921; x_wconf 88' lang='lat' dir='ltr'><strong>codd.</strong></span> <span class='ocrx_word' id='word_1_223' title='bbox 254 2873 375 2920; x_wconf 67' lang='lat' dir='ltr'><strong>nermsime</strong></span> <span class='ocrx_word' id='word_1_224' title='bbox 385 2868 545 2918; x_wconf 72' lang='lat' dir='ltr'><strong>iudicari—t</strong></span> <span class='ocrx_word' id='word_1_225' title='bbox 563 2865 646 2915; x_wconf 90' lang='lat' dir='ltr'><strong>Codd.</strong></span> <span class='ocrx_word' id='word_1_226' title='bbox 656 2865 729 2914; x_wconf 82' lang='lat' dir='ltr'><strong>Vatt.</strong></span> <span class='ocrx_word' id='word_1_227' title='bbox 737 2867 761 2912; x_wconf 90' lang='lat'><strong>1.</strong></span> <span class='ocrx_word' id='word_1_228' title='bbox 771 2868 796 2912; x_wconf 76' lang='lat' dir='ltr'><strong>l.</strong></span> <span class='ocrx_word' id='word_1_229' title='bbox 807 2870 835 2912; x_wconf 93' lang='lat' dir='ltr'><strong>et</strong></span> <span class='ocrx_word' id='word_1_230' title='bbox 846 2862 957 2926; x_wconf 83' lang='lat' dir='ltr'><strong>Guelplr.</strong></span> <span class='ocrx_word' id='word_1_231' title='bbox 968 2875 1015 2924; x_wconf 90' lang='lat' dir='ltr'><strong>pro</strong></span> <span class='ocrx_word' id='word_1_232' title='bbox 1028 2866 1153 2923; x_wconf 74' lang='lat' dir='ltr'><strong>protectum</strong></span> <span class='ocrx_word' id='word_1_233' title='bbox 1163 2861 1260 2912; x_wconf 86' lang='lat' dir='ltr'><strong>hebent</strong></span> 
     </span>
     <span class='ocr_line' id='line_1_26' title="bbox 157 2925 1259 3004; baseline -0.009 -19"><span class='ocrx_word' id='word_1_234' title='bbox 157 2935 287 2998; x_wconf 68' lang='lat' dir='ltr'><strong>prosedas</strong></span> <span class='ocrx_word' id='word_1_235' title='bbox 321 2935 403 2984; x_wconf 86' lang='lat' dir='ltr'><strong>Iidem</strong></span> <span class='ocrx_word' id='word_1_236' title='bbox 416 2931 493 2982; x_wconf 85' lang='lat' dir='ltr'><strong>codd.</strong></span> <span class='ocrx_word' id='word_1_237' title='bbox 504 2931 579 2980; x_wconf 81' lang='lat' dir='ltr'><strong>Vatt.</strong></span> <span class='ocrx_word' id='word_1_238' title='bbox 589 2929 683 2979; x_wconf 89' lang='lat' dir='ltr'><strong>Salisb.</strong></span> <span class='ocrx_word' id='word_1_239' title='bbox 695 2931 840 3004; x_wconf 39' lang='lat' dir='ltr'><strong>Venettql.</strong></span> <span class='ocrx_word' id='word_1_240' title='bbox 850 2932 875 2976; x_wconf 75' lang='lat'><strong>2.</strong></span> <span class='ocrx_word' id='word_1_241' title='bbox 886 2936 913 2976; x_wconf 87' lang='lat' dir='ltr'><strong>et</strong></span> <span class='ocrx_word' id='word_1_242' title='bbox 928 2928 1012 3004; x_wconf 77' lang='lat' dir='ltr'><strong>Paris.</strong></span> <span class='ocrx_word' id='word_1_243' title='bbox 1023 2939 1072 2988; x_wconf 91' lang='lat' dir='ltr'><strong>pro</strong></span> <span class='ocrx_word' id='word_1_244' title='bbox 1083 2927 1182 2988; x_wconf 80' lang='lat' dir='ltr'><strong>quodum</strong></span> <span class='ocrx_word' id='word_1_245' title='bbox 1194 2925 1259 3002; x_wconf 69' lang='lat' dir='ltr'><strong>rese·</strong></span> 
     </span>
     <span class='ocr_line' id='line_1_27' title="bbox 158 2991 1260 3116; baseline -0.009 -4"><span class='ocrx_word' id='word_1_246' title='bbox 158 2991 1260 3116; x_wconf 55' lang='lat' dir='ltr'><strong>{¹²2¹ldistaida35:⁰32.l:.⁰.lttt..it”:at‘.ltitt?dut-¹5:27.</strong></span> 
     </span>
     <span class='ocr_line' id='line_1_28' title="bbox 157 3119 1257 3189; baseline -0.011 -12"><span class='ocrx_word' id='word_1_247' title='bbox 157 3133 253 3177; x_wconf 67' lang='lat' dir='ltr'><strong>turchin</strong></span> <span class='ocrx_word' id='word_1_248' title='bbox 270 3128 360 3188; x_wconf 75' lang='lat' dir='ltr'><strong>diligor</strong></span> <span class='ocrx_word' id='word_1_249' title='bbox 377 3127 465 3189; x_wconf 85' lang='lat' dir='ltr'><strong>optimo</strong></span> <span class='ocrx_word' id='word_1_250' title='bbox 478 3124 590 3188; x_wconf 78' lang='lat' dir='ltr'><strong>principi.</strong></span> <span class='ocrx_word' id='word_1_251' title='bbox 631 3124 817 3171; x_wconf 85' lang='lat' dir='ltr'><strong>Verumtamen</strong></span> <span class='ocrx_word' id='word_1_252' title='bbox 836 3129 928 3168; x_wconf 83' lang='lat' dir='ltr'><strong>contre</strong></span> <span class='ocrx_word' id='word_1_253' title='bbox 944 3119 1127 3167; x_wconf 77' lang='lat' dir='ltr'><strong>anctoritatem</strong></span> <span class='ocrx_word' id='word_1_254' title='bbox 1145 3119 1257 3165; x_wconf 87' lang='lat' dir='ltr'><strong>omnium</strong></span> 
     </span>
     <span class='ocr_line' id='line_1_29' title="bbox 158 3179 1259 3256; baseline -0.011 -16"><span class='ocrx_word' id='word_1_255' title='bbox 158 3193 285 3256; x_wconf 68' lang='lat' dir='ltr'><strong>librorum</strong></span> <span class='ocrx_word' id='word_1_256' title='bbox 297 3193 358 3240; x_wconf 81' lang='lat' dir='ltr'><strong>nillil</strong></span> <span class='ocrx_word' id='word_1_257' title='bbox 370 3199 451 3240; x_wconf 88' lang='lat' dir='ltr'><strong>muto.</strong></span> <span class='ocrx_word' id='word_1_258' title='bbox 483 3191 562 3240; x_wconf 85' lang='lat' dir='ltr'><strong>Prius</strong></span> <span class='ocrx_word' id='word_1_259' title='bbox 577 3186 653 3248; x_wconf 84' lang='lat' dir='ltr'><strong>hujus</strong></span> <span class='ocrx_word' id='word_1_260' title='bbox 670 3187 806 3234; x_wconf 75' lang='lat' dir='ltr'><strong>sententiae</strong></span> <span class='ocrx_word' id='word_1_261' title='bbox 825 3186 965 3232; x_wconf 82' lang='lat' dir='ltr'><strong>membrum</strong></span> <span class='ocrx_word' id='word_1_262' title='bbox 983 3197 1011 3231; x_wconf 91' lang='lat' dir='ltr'><strong>se</strong></span> <span class='ocrx_word' id='word_1_263' title='bbox 1026 3189 1099 3229; x_wconf 88' lang='lat' dir='ltr'><strong>recte</strong></span> <span class='ocrx_word' id='word_1_264' title='bbox 1116 3180 1205 3242; x_wconf 82' lang='lat' dir='ltr'><strong>babet,</strong></span> <span class='ocrx_word' id='word_1_265' title='bbox 1219 3179 1259 3229; x_wconf 78' lang='lat' dir='ltr'><strong>fa-</strong></span> 
     </span>
     <span class='ocr_line' id='line_1_30' title="bbox 158 3246 1258 3321; baseline -0.014 -15"><span class='ocrx_word' id='word_1_266' title='bbox 158 3257 250 3321; x_wconf 84' lang='lat' dir='ltr'><strong>citque</strong></span> <span class='ocrx_word' id='word_1_267' title='bbox 268 3258 309 3305; x_wconf 82' lang='lat' dir='ltr'><strong>sel</strong></span> <span class='ocrx_word' id='word_1_268' title='bbox 333 3257 442 3305; x_wconf 79' lang='lat' dir='ltr'><strong>maxime</strong></span> <span class='ocrx_word' id='word_1_269' title='bbox 459 3254 491 3303; x_wconf 90' lang='lat' dir='ltr'><strong>ad</strong></span> <span class='ocrx_word' id='word_1_270' title='bbox 509 3251 690 3301; x_wconf 83' lang='lat' dir='ltr'><strong>declarandam</strong></span> <span class='ocrx_word' id='word_1_271' title='bbox 708 3250 788 3298; x_wconf 88' lang='lat' dir='ltr'><strong>Plinii</strong></span> <span class='ocrx_word' id='word_1_272' title='bbox 806 3263 869 3309; x_wconf 81' lang='lat' dir='ltr'><strong>ergo</strong></span> <span class='ocrx_word' id='word_1_273' title='bbox 884 3247 1020 3309; x_wconf 79' lang='lat' dir='ltr'><strong>Trajanurn</strong></span> <span class='ocrx_word' id='word_1_274' title='bbox 1039 3246 1179 3308; x_wconf 64' lang='lat' dir='ltr'><strong>pietatem</strong></span> <span class='ocrx_word' id='word_1_275' title='bbox 1205 3259 1258 3292; x_wconf 85' lang='lat' dir='ltr'><strong>mn·</strong></span> 
     </span>
    </p>
   </div>
   <div class='ocr_carea' id='block_1_5' title="bbox 155 3311 1258 3450">
    <p class='ocr_par' dir='ltr' id='par_1_6' title="bbox 155 3311 1258 3450">
     <span class='ocr_line' id='line_1_31' title="bbox 155 3311 1258 3386; baseline -0.014 -15"><span class='ocrx_word' id='word_1_276' title='bbox 155 3323 250 3386; x_wconf 71' lang='lat' dir='ltr'><strong>gitque</strong></span> <span class='ocrx_word' id='word_1_277' title='bbox 266 3335 325 3370; x_wconf 87' lang='lat' dir='ltr'><strong>enm</strong></span> <span class='ocrx_word' id='word_1_278' title='bbox 342 3321 454 3385; x_wconf 69' lang='lat' dir='ltr'><strong>decebat</strong></span> <span class='ocrx_word' id='word_1_279' title='bbox 477 3320 545 3366; x_wconf 84' lang='lat' dir='ltr'><strong>hanc</strong></span> <span class='ocrx_word' id='word_1_280' title='bbox 569 3330 640 3364; x_wconf 89' lang='lat' dir='ltr'><strong>suam</strong></span> <span class='ocrx_word' id='word_1_281' title='bbox 666 3327 727 3374; x_wconf 71' lang='lat' dir='ltr'><strong>erge</strong></span> <span class='ocrx_word' id='word_1_282' title='bbox 751 3314 892 3376; x_wconf 87' lang='lat' dir='ltr'><strong>principem</strong></span> <span class='ocrx_word' id='word_1_283' title='bbox 910 3313 1062 3360; x_wconf 83' lang='lat' dir='ltr'><strong>clraritatem</strong></span> <span class='ocrx_word' id='word_1_284' title='bbox 1080 3311 1258 3373; x_wconf 84' lang='lat' dir='ltr'><strong>pietatemque</strong></span> 
     </span>
     <span class='ocr_line' id='line_1_32' title="bbox 157 3373 1256 3450; baseline -0.013 -15"><span class='ocrx_word' id='word_1_285' title='bbox 157 3387 263 3447; x_wconf 82' lang='lat' dir='ltr'><strong>testari,</strong></span> <span class='ocrx_word' id='word_1_286' title='bbox 280 3401 354 3450; x_wconf 85' lang='lat' dir='ltr'><strong>quem</strong></span> <span class='ocrx_word' id='word_1_287' title='bbox 372 3384 497 3448; x_wconf 86' lang='lat' dir='ltr'><strong>principis</strong></span> <span class='ocrx_word' id='word_1_288' title='bbox 514 3394 577 3444; x_wconf 77' lang='lat' dir='ltr'><strong>erga</strong></span> <span class='ocrx_word' id='word_1_289' title='bbox 591 3394 620 3428; x_wconf 88' lang='lat' dir='ltr'><strong>se</strong></span> <span class='ocrx_word' id='word_1_290' title='bbox 643 3392 757 3426; x_wconf 78' lang='lat' dir='ltr'><strong>amorem</strong></span> <span class='ocrx_word' id='word_1_291' title='bbox 775 3379 934 3440; x_wconf 79' lang='lat' dir='ltr'><strong>gratiamque</strong></span> <span class='ocrx_word' id='word_1_292' title='bbox 945 3377 1058 3440; x_wconf 82' lang='lat' dir='ltr'><strong>jactare.</strong></span> <span class='ocrx_word' id='word_1_293' title='bbox 1099 3373 1176 3426; x_wconf 80' lang='lat' dir='ltr'><strong>Quod</strong></span> <span class='ocrx_word' id='word_1_294' title='bbox 1194 3374 1256 3422; x_wconf 85' lang='lat' dir='ltr'><strong>slte-</strong></span> 
     </span>
    </p>
   </div>
   <div class='ocr_carea' id='block_1_6' title="bbox 156 3437 1259 3644">
    <p class='ocr_par' dir='ltr' id='par_1_7' title="bbox 156 3437 1259 3644">
     <span class='ocr_line' id='line_1_33' title="bbox 156 3437 1256 3509; baseline -0.014 -8"><span class='ocrx_word' id='word_1_295' title='bbox 156 3463 216 3500; x_wconf 84' lang='lat' dir='ltr'><strong>rum</strong></span> <span class='ocrx_word' id='word_1_296' title='bbox 234 3451 375 3500; x_wconf 85' lang='lat' dir='ltr'><strong>membrum</strong></span> <span class='ocrx_word' id='word_1_297' title='bbox 392 3449 498 3507; x_wconf 83' lang='lat' dir='ltr'><strong>attinet,</strong></span> <span class='ocrx_word' id='word_1_298' title='bbox 513 3443 632 3509; x_wconf 87' lang='lat' dir='ltr'><strong>equidem</strong></span> <span class='ocrx_word' id='word_1_299' title='bbox 649 3441 787 3491; x_wconf 71' lang='grc' dir='ltr'><strong><em>ἀντιθέσεως</em></strong></span> <span class='ocrx_word' id='word_1_300' title='bbox 804 3443 939 3490; x_wconf 76' lang='lat' dir='ltr'><strong>rhetoricae</strong></span> <span class='ocrx_word' id='word_1_301' title='bbox 957 3441 1023 3489; x_wconf 79' lang='lat' dir='ltr'><strong>ratio</strong></span> <span class='ocrx_word' id='word_1_302' title='bbox 1039 3439 1171 3503; x_wconf 85' lang='lat' dir='ltr'><strong>requirere</strong></span> <span class='ocrx_word' id='word_1_303' title='bbox 1186 3437 1256 3486; x_wconf 82' lang='lat' dir='ltr'><strong>vide·</strong></span> 
     </span>
     <span class='ocr_line' id='line_1_34' title="bbox 157 3502 1258 3579; baseline -0.014 -15"><span class='ocrx_word' id='word_1_304' title='bbox 157 3513 246 3579; x_wconf 79' lang='lat' dir='ltr'><strong>batur,</strong></span> <span class='ocrx_word' id='word_1_305' title='bbox 263 3521 292 3565; x_wconf 92' lang='lat' dir='ltr'><strong>nt</strong></span> <span class='ocrx_word' id='word_1_306' title='bbox 310 3514 410 3563; x_wconf 86' lang='lat' dir='ltr'><strong>Plinius</strong></span> <span class='ocrx_word' id='word_1_307' title='bbox 427 3512 536 3572; x_wconf 85' lang='lat' dir='ltr'><strong>diceret,</strong></span> <span class='ocrx_word' id='word_1_308' title='bbox 552 3509 583 3558; x_wconf 75' lang='lat' dir='ltr'><strong>St</strong></span> <span class='ocrx_word' id='word_1_309' title='bbox 603 3509 702 3572; x_wconf 70' lang='lat' dir='ltr'><strong>denique</strong></span> <span class='ocrx_word' id='word_1_310' title='bbox 725 3508 751 3556; x_wconf 78' lang='lat' dir='ltr'><strong>ie</strong></span> <span class='ocrx_word' id='word_1_311' title='bbox 772 3512 866 3556; x_wconf 75' lang='lat' dir='ltr'><strong>totamm</strong></span> <span class='ocrx_word' id='word_1_312' title='bbox 884 3507 960 3566; x_wconf 75' lang='lat' dir='ltr'><strong>diligo</strong></span> <span class='ocrx_word' id='word_1_313' title='bbox 984 3505 1097 3569; x_wconf 81' lang='lat' dir='ltr'><strong>optirnum</strong></span> <span class='ocrx_word' id='word_1_314' title='bbox 1154 3502 1258 3566; x_wconf 81' lang='lat' dir='ltr'><strong>&#39;cipsm‚</strong></span> 
     </span>
     <span class='ocr_line' id='line_1_35' title="bbox 156 3568 1259 3644; baseline -0.011 -17"><span class='ocrx_word' id='word_1_315' title='bbox 156 3579 185 3629; x_wconf 78' lang='lat' dir='ltr'><strong>ie</strong></span> <span class='ocrx_word' id='word_1_316' title='bbox 201 3585 315 3644; x_wconf 71' lang='lat' dir='ltr'><strong>quntum</strong></span> <span class='ocrx_word' id='word_1_317' title='bbox 330 3580 370 3630; x_wconf 80' lang='lat' dir='ltr'><strong>odi</strong></span> <span class='ocrx_word' id='word_1_318' title='bbox 382 3577 508 3642; x_wconf 79' lang='lat' dir='ltr'><strong>pessimum</strong></span> <span class='ocrx_word' id='word_1_319' title='bbox 517 3591 528 3634; x_wconf 94' lang='lat'><strong>,·</strong></span> <span class='ocrx_word' id='word_1_320' title='bbox 544 3573 590 3623; x_wconf 88' lang='lat' dir='ltr'><strong>sed</strong></span> <span class='ocrx_word' id='word_1_321' title='bbox 609 3573 665 3637; x_wconf 86' lang='lat' dir='ltr'><strong>plns</strong></span> <span class='ocrx_word' id='word_1_322' title='bbox 682 3572 816 3622; x_wconf 72' lang='lat' dir='ltr'><strong>medente</strong></span> <span class='ocrx_word' id='word_1_323' title='bbox 833 3586 864 3622; x_wconf 82' lang='lat' dir='ltr'><strong>ac</strong></span> <span class='ocrx_word' id='word_1_324' title='bbox 882 3571 1028 3636; x_wconf 73' lang='lat' dir='ltr'><strong>prouentus</strong></span> <span class='ocrx_word' id='word_1_325' title='bbox 1039 3583 1072 3619; x_wconf 82' lang='lat' dir='ltr'><strong>ex</strong></span> <span class='ocrx_word' id='word_1_326' title='bbox 1084 3582 1116 3617; x_wconf 81' lang='lat' dir='ltr'><strong>sn</strong></span> <span class='ocrx_word' id='word_1_327' title='bbox 1127 3576 1190 3631; x_wconf 81' lang='lat' dir='ltr'><strong>gata</strong></span> <span class='ocrx_word' id='word_1_328' title='bbox 1205 3568 1259 3616; x_wconf 88' lang='lat' dir='ltr'><strong>lec·</strong></span> 
     </span>
    </p>
   </div>
   <div class='ocr_carea' id='block_1_7' title="bbox 654 3733 761 3784">
    <p class='ocr_par' dir='ltr' id='par_1_8' title="bbox 654 3733 761 3784">
     <span class='ocr_line' id='line_1_36' title="bbox 654 3733 761 3784; baseline -0.009 0"><span class='ocrx_word' id='word_1_329' title='bbox 654 3733 761 3784; x_wconf 80' lang='lat' dir='ltr'><strong>NOTAE</strong></span> 
     </span>
    </p>
   </div>
   <div class='ocr_carea' id='block_1_8' title="bbox 153 3835 1257 4298">
    <p class='ocr_par' dir='ltr' id='par_1_9' title="bbox 154 3835 1257 4142">
     <span class='ocr_line' id='line_1_37' title="bbox 189 3835 1255 3916; baseline -0.019 -11"><span class='ocrx_word' id='word_1_330' title='bbox 189 3863 201 3890; x_wconf 74' lang='lat'><em>²</em></span> <span class='ocrx_word' id='word_1_331' title='bbox 220 3856 281 3910; x_wconf 67' lang='lat' dir='ltr'><strong>Cum</strong></span> <span class='ocrx_word' id='word_1_332' title='bbox 296 3854 397 3916; x_wconf 80' lang='lat' dir='ltr'><strong>adeptus</strong></span> <span class='ocrx_word' id='word_1_333' title='bbox 412 3851 460 3914; x_wconf 80' lang='lat' dir='ltr'><strong>est]</strong></span> <span class='ocrx_word' id='word_1_334' title='bbox 477 3847 584 3898; x_wconf 85' lang='lat' dir='ltr'><strong>Scilicet</strong></span> <span class='ocrx_word' id='word_1_335' title='bbox 595 3845 686 3894; x_wconf 83' lang='lat' dir='ltr'><strong>restris</strong></span> <span class='ocrx_word' id='word_1_336' title='bbox 726 3843 849 3907; x_wconf 88' lang='lat' dir='ltr'><strong>loquendi</strong></span> <span class='ocrx_word' id='word_1_337' title='bbox 861 3847 992 3898; x_wconf 78' lang='lat' dir='ltr'><strong>venustus,</strong></span> <span class='ocrx_word' id='word_1_338' title='bbox 1002 3846 1031 3890; x_wconf 92' lang='lat' dir='ltr'><strong>ut</strong></span> <span class='ocrx_word' id='word_1_339' title='bbox 1041 3839 1084 3888; x_wconf 87' lang='lat' dir='ltr'><strong>illc</strong></span> <span class='ocrx_word' id='word_1_340' title='bbox 1096 3835 1201 3888; x_wconf 80' lang='lat' dir='ltr'><strong>Ovidii:</strong></span> <span class='ocrx_word' id='word_1_341' title='bbox 1214 3837 1255 3886; x_wconf 73' lang='lat' dir='ltr'><strong>‘st</strong></span> 
     </span>
     <span class='ocr_line' id='line_1_38' title="bbox 155 3913 1257 3992; baseline -0.018 -12"><span class='ocrx_word' id='word_1_342' title='bbox 155 3927 297 3992; x_wconf 77' lang='lat' dir='ltr'><strong>suffragiis,</strong></span> <span class='ocrx_word' id='word_1_343' title='bbox 317 3943 376 3992; x_wconf 80' lang='lat' dir='ltr'><strong>qrue</strong></span> <span class='ocrx_word' id='word_1_344' title='bbox 404 3923 560 3990; x_wconf 72' lang='lat' dir='ltr'><strong>dignissimis</strong></span> <span class='ocrx_word' id='word_1_345' title='bbox 588 3928 687 3970; x_wconf 84' lang='lat' dir='ltr'><strong>tuntum</strong></span> <span class='ocrx_word' id='word_1_346' title='bbox 726 3917 941 3968; x_wconf 82' lang='lat' dir='ltr'><strong>suitlriceuimus</strong></span> <span class='ocrx_word' id='word_1_347' title='bbox 958 3914 1088 3976; x_wconf 67' lang='lat' dir='ltr'><strong>nobique</strong></span> <span class='ocrx_word' id='word_1_348' title='bbox 1105 3913 1257 3976; x_wconf 81' lang='lat' dir='ltr'><strong>percitedi-</strong></span> 
     </span>
     <span class='ocr_line' id='line_1_39' title="bbox 154 3986 1230 4071; baseline -0.019 -15"><span class='ocrx_word' id='word_1_349' title='bbox 154 4006 336 4071; x_wconf 87' lang='lat' dir='ltr'><strong>impertimini.</strong></span> <span class='ocrx_word' id='word_1_350' title='bbox 359 4005 454 4054; x_wconf 90' lang='lat' dir='ltr'><strong>Potest</strong></span> <span class='ocrx_word' id='word_1_351' title='bbox 465 4003 544 4052; x_wconf 84' lang='lat' dir='ltr'><strong>etiem</strong></span> <span class='ocrx_word' id='word_1_352' title='bbox 556 4000 594 4050; x_wconf 81' lang='lat' dir='ltr'><strong>ita</strong></span> <span class='ocrx_word' id='word_1_353' title='bbox 604 3999 688 4063; x_wconf 88' lang='lat' dir='ltr'><strong>expli·</strong></span> <span class='ocrx_word' id='word_1_354' title='bbox 728 3994 774 4060; x_wconf 83' lang='lat' dir='ltr'><strong>vi,&#39;</strong></span> <span class='ocrx_word' id='word_1_355' title='bbox 791 3995 817 4044; x_wconf 91' lang='lat' dir='ltr'><strong>id</strong></span> <span class='ocrx_word' id='word_1_356' title='bbox 829 3999 878 4056; x_wconf 87' lang='lat' dir='ltr'><strong>est,</strong></span> <span class='ocrx_word' id='word_1_357' title='bbox 888 3999 919 4043; x_wconf 91' lang='lat' dir='ltr'><strong>ut</strong></span> <span class='ocrx_word' id='word_1_358' title='bbox 928 3993 970 4042; x_wconf 84' lang='lat' dir='ltr'><strong>hic</strong></span> <span class='ocrx_word' id='word_1_359' title='bbox 980 3991 1077 4042; x_wconf 84' lang='lat' dir='ltr'><strong>animus</strong></span> <span class='ocrx_word' id='word_1_360' title='bbox 1088 3987 1163 4037; x_wconf 88' lang='lat' dir='ltr'><strong>nobis</strong></span> <span class='ocrx_word' id='word_1_361' title='bbox 1173 3986 1230 4038; x_wconf 83' lang='lat' dir='ltr'><strong>fuit.</strong></span> 
     </span>
     <span class='ocr_line' id='line_1_40' title="bbox 155 4063 1255 4142; baseline -0.023 -8"><span class='ocrx_word' id='word_1_362' title='bbox 155 4084 230 4134; x_wconf 84' lang='lat' dir='ltr'><strong>cari:</strong></span> <span class='ocrx_word' id='word_1_363' title='bbox 249 4097 307 4132; x_wconf 88' lang='lat' dir='ltr'><strong>enm</strong></span> <span class='ocrx_word' id='word_1_364' title='bbox 319 4081 390 4130; x_wconf 92' lang='lat' dir='ltr'><strong>illum</strong></span> <span class='ocrx_word' id='word_1_365' title='bbox 402 4079 582 4142; x_wconf 72' lang='lat' dir='ltr'><strong>magistratum</strong></span> <span class='ocrx_word' id='word_1_366' title='bbox 594 4075 672 4139; x_wconf 78' lang='lat' dir='ltr'><strong>gerit.</strong></span> <span class='ocrx_word' id='word_1_367' title='bbox 761 4071 931 4134; x_wconf 74' lang='lat' dir='ltr'><strong>tProneetas]</strong></span> <span class='ocrx_word' id='word_1_368' title='bbox 946 4068 970 4119; x_wconf 87' lang='grc' dir='ltr'>Α</span> <span class='ocrx_word' id='word_1_369' title='bbox 986 4063 1133 4116; x_wconf 79' lang='lat' dir='ltr'><strong>Domitiano</strong></span> <span class='ocrx_word' id='word_1_370' title='bbox 1144 4063 1176 4112; x_wconf 87' lang='lat' dir='ltr'><strong>ed</strong></span> <span class='ocrx_word' id='word_1_371' title='bbox 1190 4077 1255 4126; x_wconf 81' lang='lat' dir='ltr'><strong>prse-</strong></span> 
     </span>
    </p>

    <p class='ocr_par' dir='ltr' id='par_1_10' title="bbox 153 4137 1256 4298">
     <span class='ocr_line' id='line_1_41' title="bbox 188 4137 1256 4222; baseline -0.022 -11"><span class='ocrx_word' id='word_1_372' title='bbox 188 4158 314 4222; x_wconf 79' lang='lat' dir='ltr'><strong>‘FuceteJ</strong></span> <span class='ocrx_word' id='word_1_373' title='bbox 327 4158 424 4208; x_wconf 85' lang='lat' dir='ltr'><strong>Sensus</strong></span> <span class='ocrx_word' id='word_1_374' title='bbox 441 4164 498 4206; x_wconf 77' lang='lat' dir='ltr'><strong>este</strong></span> <span class='ocrx_word' id='word_1_375' title='bbox 521 4155 645 4216; x_wconf 57' lang='lat' dir='ltr'><strong>‘Furem</strong></span> <span class='ocrx_word' id='word_1_376' title='bbox 661 4159 690 4203; x_wconf 91' lang='lat' dir='ltr'><strong>et</strong></span> <span class='ocrx_word' id='word_1_377' title='bbox 729 4155 822 4203; x_wconf 84' lang='lat' dir='ltr'><strong>turem,</strong></span> <span class='ocrx_word' id='word_1_378' title='bbox 833 4161 892 4197; x_wconf 85' lang='lat' dir='ltr'><strong>mcx</strong></span> <span class='ocrx_word' id='word_1_379' title='bbox 900 4146 983 4194; x_wconf 85' lang='lat' dir='ltr'><strong>eidem</strong></span> <span class='ocrx_word' id='word_1_380' title='bbox 992 4137 1141 4203; x_wconf 83' lang='lat' dir='ltr'><strong>imperatori</strong></span> <span class='ocrx_word' id='word_1_381' title='bbox 1150 4138 1256 4196; x_wconf 79' lang='lat' dir='ltr'><strong>invisus,</strong></span> 
     </span>
     <span class='ocr_line' id='line_1_42' title="bbox 153 4215 1157 4298; baseline -0.024 -9"><span class='ocrx_word' id='word_1_382' title='bbox 153 4235 278 4298; x_wconf 72' lang='lat' dir='ltr'><strong>credite3</strong></span> <span class='ocrx_word' id='word_1_383' title='bbox 294 4236 316 4286; x_wconf 90' lang='lat' dir='ltr'><strong>si</strong></span> <span class='ocrx_word' id='word_1_384' title='bbox 335 4233 448 4292; x_wconf 82' lang='lat' dir='ltr'><strong>substiti,</strong></span> <span class='ocrx_word' id='word_1_385' title='bbox 470 4232 510 4297; x_wconf 87' lang='lat' dir='ltr'><strong>si,’</strong></span> <span class='ocrx_word' id='word_1_386' title='bbox 531 4234 581 4282; x_wconf 75' lang='lat' dir='ltr'><strong>&amp;a</strong></span> <span class='ocrx_word' id='word_1_387' title='bbox 596 4229 688 4280; x_wconf 81' lang='lat' dir='ltr'><strong>modos</strong></span> <span class='ocrx_word' id='word_1_388' title='bbox 728 4232 759 4276; x_wconf 89' lang='lat' dir='ltr'><strong>ut</strong></span> <span class='ocrx_word' id='word_1_389' title='bbox 770 4224 852 4275; x_wconf 81' lang='lat' dir='ltr'><strong>videri</strong></span> <span class='ocrx_word' id='word_1_390' title='bbox 864 4227 952 4288; x_wconf 87' lang='lat' dir='ltr'><strong>potest</strong></span> <span class='ocrx_word' id='word_1_391' title='bbox 962 4221 987 4269; x_wconf 91' lang='lat' dir='ltr'><strong>in</strong></span> <span class='ocrx_word' id='word_1_392' title='bbox 999 4216 1078 4267; x_wconf 84' lang='lat' dir='ltr'><strong>Plinii</strong></span> <span class='ocrx_word' id='word_1_393' title='bbox 1086 4215 1157 4265; x_wconf 82' lang='lat' dir='ltr'><strong>Vita.</strong></span> 
     </span>
    </p>
   </div>
   <div class='ocr_carea' id='block_1_9' title="bbox 0 0 1530 4842">
    <p class='ocr_par' dir='ltr' id='par_1_11' title="bbox 0 0 1530 4842">
     <span class='ocr_line' id='line_1_43' title="bbox 0 0 1530 4842; baseline 0 5"><span class='ocrx_word' id='word_1_394' title='bbox 0 0 1530 4842; x_wconf 95' lang='lat' dir='ltr'><strong> </strong></span> 
     </span>
    </p>
   </div>
  </div>
 </body>
</html>
