3050 4842
480 391 532 442 sn
557 386 840 440 rsnncrntcun
864 384 999 437 rnrnn.
1225 367 1297 433 tae,

193 541 260 594 Qun
272 537 304 590 ad
315 534 515 590 illustrationem
525 535 601 601 bajus
612 533 662 584 loci
674 531 784 588 iaciant,
795 531 852 596 jam
869 541 948 594 snpra
965 527 991 577 in
1003 525 1071 577 notis
1088 526 1206 591 erpetui.
1240 527 1292 578 lte·

142 635 146 640 ·
193 629 248 673 stat
260 627 359 672 lantum
371 619 429 670 haec
440 617 550 683 quaestio
567 616 742 679 explicanda:
761 612 874 678 qnando,
890 617 919 660 et
935 609 1073 675 quomodo,
1087 608 1213 672 Trajannr
1225 610 1295 674 patri

192 717 243 754 auo
263 701 376 752 natnrsli
397 701 520 751 honorem
537 695 684 762 hujusmodl
704 701 915 745 ornamentorum
934 690 1129 754 triumphalium
1153 692 1296 756 pepererit,

194 789 240 833 sut
256 781 376 832 dederit?
391 780 507 832 Jacohns
528 779 560 828 de
576 779 602 828 ls
620 777 712 826 Baune
731 775 845 840 putarit,
863 773 973 838 intelligi
987 772 1030 822 hie
1046 771 1143 823 debere
1163 772 1294 825 ‘statuam

192 863 397 930 triumphalem,'
419 877 437 912 a
451 861 567 926 Trojano
587 859 735 908 dedicatam
755 857 825 922 patri
848 871 896 906 arro
917 853 1120 920 naturalique
1142 853 1169 905 in
1192 856 1296 919 porticu

194 949 331 1007 collocats,
343 951 391 996 ant
410 943 482 994 arcui
501 942 632 1007 imposita,
644 945 746 1005 patrem
764 938 856 989 habitu
872 935 1056 1000 triumphantis
1071 934 1228 986 exhibuerit.
1260 937 1297 988 nt

194 1042 257 1078 sane
269 1026 348 1077 etiam
358 1025 401 1087 iis,
412 1022 503 1090 quihus
515 1023 564 1072 arab
582 1019 783 1086 imperatoribus
796 1033 846 1068 non
864 1017 972 1081 amplius
983 1017 1141 1080 triumphare
1153 1017 1237 1075 licuit,
1248 1032 1297 1083 pro

195 1107 328 1171 triumpho
339 1103 478 1168 aliquando
489 1110 604 1154 statuam
615 1100 797 1164 triumphalem
815 1114 873 1150 ease
885 1099 982 1162 datam,
995 1097 1072 1149 docet
1082 1097 1189 1150 Tacitae
1201 1098 1300 1151 Annei.

195 1204 236 1242 av.
245 1195 287 1242 28.
322 1187 472 1254 cujusmodi
485 1184 809 1250 exemplumhabetetism
820 1183 920 1233 Plinius
930 1189 1021 1233 noster
1036 1182 1120 1248 Epist.
1130 1195 1162 1233 ιι.
1170 1187 1195 1234 t.
1212 1185 1297 1234 ‘Heri

93 1299 97 1302 -
196 1287 213 1322 a
224 1275 317 1320 senatu
331 1267 463 1318 Vestricio
480 1265 629 1330 Spurinnae,
644 1265 765 1329 principe
782 1269 899 1326 anctore,
912 1263 1074 1328 triumphalia
1090 1268 1177 1314 statne
1190 1266 1297 1317 decreta

196 1355 249 1414 est,
259 1364 309 1401 non
321 1349 368 1406 ila,
379 1353 409 1398 nt
420 1347 517 1407 multis,
527 1347 570 1412 qni
582 1360 713 1412 nunqnam
726 1346 752 1396 in
765 1346 822 1396 acie
833 1351 974 1408 steterunt,
986 1359 1117 1409 nunquam
1128 1353 1215 1396 caetra
1226 1347 1299 1398 vide·

196 1440 268 1496 runt,
284 1447 416 1498 nunqnam
437 1432 550 1496 deniqne
572 1431 693 1482 tubarum
714 1444 814 1486 murm,
830 1427 881 1479 nisi
902 1429 930 1478 in
949 1427 1114 1492 spectaculis,
1138 1429 1297 1482 andieruntt

197 1527 287 1565 rernm
300 1524 330 1565 nt
347 1514 408 1580 iilis,
422 1515 468 1581 qni
480 1513 560 1565 decus
571 1511 635 1563 illud
645 1511 739 1562 sudore
751 1519 779 1562 et
791 1509 926 1574 sangnine,
937 1516 965 1560 et
978 1508 1066 1566 factis,
1083 1511 1301 1576 assequebantur·

194 1597 264 1649 Nam
275 1595 406 1660 Spurinna
416 1595 575 1647 Bructerum
588 1591 686 1658 Regem
699 1592 725 1643 ri
736 1599 763 1643 et
780 1591 859 1642 armis
878 1590 983 1641 induxit
993 1591 1019 1640 in
1038 1605 1143 1656 regnum
1157 1607 1165 1655 ς
1181 1599 1299 1645 ostenta·

196 1683 277 1742 toque
289 1675 368 1739 hello,
382 1674 569 1727 ferocissimam
587 1682 691 1740 gentem
709 1673 791 1739 (quod
804 1679 845 1724 eat
855 1672 1054 1736 pulcherrimam
1065 1673 1181 1725 victorina
1193 1675 1300 1740 genum)

196 1764 297 1809 terrore
308 1751 474 1822 perdomuit!
507 1756 623 1821 Lipsius,
643 1755 727 1805 etalii
739 1747 855 1818 Li'psiurn
867 1753 962 1818 arenti,
977 1753 1138 1813 existimant,
1155 1756 1195 1806 his
1211 1757 1299 1808 serbis

196 1839 292 1903 respici
310 1837 318 1868 ¹
329 1839 431 1888 laurum
442 1835 613 1901 Parthicam,'
624 1849 674 1901 qna
686 1835 814 1901 Trajanns
824 1833 894 1884 filius
906 1834 1014 1900 gloriam
1027 1835 1110 1899 patris
1120 1837 1176 1902 jam
1192 1837 1218 1887 in
1238 1837 1301 1888 adc-

196 1919 324 1970 lescentia
340 1919 422 1982 ausit,
440 1917 582 1969 secundnm
600 1916 671 1969 Plin.
689 1916 791 1981 Paneg.
807 1929 892 1966 xvrrr.
915 1921 938 1966 l.
955 1917 1075 1982 adeoque
1092 1924 1121 1967 et
1143 1917 1300 1969 Arntnenins

196 2000 345 2064 contendit,
355 1999 395 2050 bis
404 1999 489 2049 verbis
500 1998 660 2063 potissimsm
676 2003 779 2060 partem
797 1996 914 2066 victorine
927 1996 1005 2047 tribui
1019 1997 1132 2061 Trajsno
1147 1997 1211 2063 tilio,
1221 2013 1300 2064 prop·

197 2088 240 2132 ter
251 2096 326 2147 quam
340 2080 539 2145 triumphalibus
555 2078 714 2129 ornamentis
725 2077 866 2127 decoratus
881 2075 963 2127 fuerit
979 2084 1055 2141 pater
1066 2078 1201 2143 Trajsnns.
1234 2079 1301 2131 Ges·

196 2177 274 2212 uerus
294 2170 430 2226 utramque
448 2160 650 2225 explicationem
669 2159 862 2222 complectitur.
896 2159 959 2209 ‘De
971 2158 1033 2218 ilia‚’
1050 2159 1143 2224 inquil,
1159 2161 1302 2212 ‘Parthica

198 2245 272 2293 lauro
283 2242 398 2308 loquitur
411 2240 524 2303 Plinius,
534 2239 567 2289 de
582 2253 632 2306 qna
644 2254 703 2303 cap.
716 2252 777 2290 ιιι.
790 2242 813 2290 1.
829 2238 876 2288 sed
892 2238 948 2288 aine
960 2238 1040 2289 dubio
1056 2240 1137 2290 etiam
1156 2241 1302 2305 triurnpha-
1390 2249 1393 2255 '

198 2325 250 2374 lern
263 2329 374 2374 statuam
393 2323 461 2386 patri
474 2322 562 2386 posuit
578 2321 716 2386 Trajenus,
727 2321 769 2370 aei
787 2305 898 2385 positam
915 2321 1082 2382 instaurarit,
1096 2330 1301 2388 ornamentaque

197 2405 236 2456 illi
257 2404 424 2469 triumphalia
440 2401 626 2455 conservarit!
659 2403 694 2453 Et
711 2417 761 2467 ego
778 2401 871 2461 lubens
886 2407 1025 2466 utramque
1047 2403 1205 2454 sententiam
1227 2404 1301 2454 simni

196 2485 381 2547 admitterem
405 2499 494 2534 rernm
513 2498 565 2534 non
583 2485 648 2535 satis
663 2491 736 2536 certo
756 2484 1021 2548 constat,'1'rsjennm
1040 2482 1144 2533 demum
1162 2485 1232 2547 petri
1255 2499 1302 2535 suo

198 2572 313 2616 statuam
336 2565 519 2630 triumphalem
540 2565 668 2629 posuisse,
689 2565 730 2614 vel
752 2570 813 2629 post
832 2569 886 2614 tam
908 2563 991 2613 breue
1009 2569 1113 2627 tempus
1135 2563 1303 2618 instaurasse.

198 2645 283 2697 Immo
293 2645 398 2710 Trajdni
415 2652 490 2711 patet
499 2647 554 2711 jam
566 2653 627 2698 ante
642 2646 689 2696 filii
701 2645 891 2710 principatum*
906 2645 945 2694 air
961 2644 1138 2710 triumphalia'
1155 2644 1240 2696 dictus
1251 2652 1302 2704 est,

198 2732 278 2792 prout
295 2727 441 2791 colligimus
458 2741 490 2778 ex
509 2728 676 2793 Panegyrico
687 2723 767 2778 Plinii
783 2740 823 2777 rx.
834 2732 860 2778 2.
879 2726 1046 2776 'Credentne
1066 2727 1172 2791 posteri,
1190 2714 1302 2791 patricio

199 2814 227 2857 et
237 2808 375 2872 consulari,
387 2813 415 2858 et
426 2806 577 2872 triumphali
597 2816 675 2872 patre
690 2807 817 2873 genitum,
835 2821 893 2857 cnm
910 2806 1085 2863 fortissimum,
1104 2805 1302 2870 amplissimum,

197 2888 402 2938 amantissimum
414 2889 452 2938 sni
465 2888 611 2938 exercitum
623 2895 738 2952 regeret,
747 2889 932 2953 imperatorem
942 2901 993 2937 non
1007 2887 1040 2936 eb
1048 2886 1167 2940 exercitu
1178 2885 1304 2938 factuml'

195 2970 300 3020 Etxvr.
311 2973 334 3019 1.
344 2976 352 3000 ¹
362 2969 429 3032 Nec,
437 2969 499 3034 quis
507 2969 549 3019 vel
561 2975 636 3031 pater
647 2969 696 3019 tibi
705 2968 928 3032 triumphalium!
941 2967 1089 3031 adoptionis
1102 2974 1153 3018 tum
1163 2969 1206 3018 die
1214 2967 1302 3020 dicata

198 3050 350 3114 Capitoline
362 3050 423 3104 vai
434 3048 636 3114 lauras,ldcirco
653 3064 687 3100 ex
704 3050 842 3101 occasione
854 3049 923 3099 omni
936 3049 1031 3114 queris
1040 3048 1200 3113 triumphos!
1233 3050 1303 3101 item

199 3145 278 3183 avrrr.
289 3135 313 3182 i.
332 3131 392 3181 ‘An
405 3130 548 3181 consularis
561 3133 609 3182 siri
628 3132 839 3197 triumphalisque
857 3130 935 3193 filius,
950 3144 1009 3180 cnm
1026 3131 1104 3181 tertio
1120 3125 1211 3180 consul
1227 3145 1302 3181 crea·

200 3219 253 3272 tar,
267 3211 404 3263 ascendit?
427 3212 487 3263 Non
499 3212 617 3262 debitum
629 3213 678 3262 hoc
688 3212 746 3263 illi?
761 3227 814 3264 non
826 3213 868 3262 rel
880 3213 934 3262 sola
946 3211 1050 3276 gene-ris
1066 3212 1186 3264 claritate
1199 3226 1303 3276 prome·

198 3296 277 3345 ritum
285 3294 303 3344 i'
319 3295 389 3359 Ergo
400 3308 451 3345 non
465 3293 569 3344 demum
583 3301 640 3358 post
652 3302 762 3345 mortem
773 3310 788 3344 a
799 3294 853 3344 filio
866 3293 984 3358 principe
996 3301 1148 3344 ornamenta
1160 3293 1303 3358 triumpha·

197 3376 235 3426 lis
245 3374 358 3440 adeptas
369 3374 492 3438 ridetur3
510 3389 658 3440 quanquam
670 3375 765 3440 alioqui
777 3390 828 3425 non
841 3373 979 3426 absurdum
998 3381 1049 3440 est,
1067 3374 1145 3424 alicui
1162 3374 1217 3424 viro
1234 3375 1301 3426 bene

192 3457 293 3506 'merito
305 3455 408 3506 demum
420 3463 480 3519 post
497 3469 568 3506 auem
586 3461 697 3506 mortem
710 3462 823 3505 statuam
843 3455 1026 3518 triumphalem
1046 3455 1162 3519 potuisse
1174 3457 1280 3506 decerni
1293 3473 1303 3519 ς

198 3551 258 3588 cnm
280 3541 308 3586 et
328 3535 379 3601 ipsi
400 3536 511 3601 Trajano
526 3537 583 3601 jam
604 3542 707 3588 mortno
729 3536 874 3600 triumphus
896 3534 929 3585 ah
949 3534 1083 3586 Hadriano
1104 3536 1302 3588 decerneretur.

198 3616 439 3666 Probabilissimum
462 3617 565 3667 inter-int
583 3623 633 3681 cst,
653 3616 768 3667 Plinium
787 3615 910 3678 oratorie,
927 3623 958 3666 nt
973 3616 1120 3667 observarit
1135 3616 1301 3682 Arntreniut,

197 3707 374 3758 exaggerasse
384 3697 491 3760 TraJaui
503 3697 596 3747 merita
607 3711 670 3761 erga
682 3705 792 3762 patrem,
803 3702 832 3746 et
842 3695 950 3758 diuinae,
958 3696 1098 3761 Trajanum
1114 3697 1184 3761 patri
1196 3696 1301 3748 dedisse

199 3780 353 3824 ornamenta
368 3775 544 3840 triumphalis,
559 3790 619 3826 curn
631 3777 816 3840 injuventute,
827 3776 872 3827 nbi
888 3764 1080 3840 campanensi
1098 3783 1220 3842 tanquam
1234 3792 1302 3842 prse-

171 3875 178 3890 ·
199 3854 255 3904 side
268 3855 421 3920 provincie,
438 3857 479 3906 acl
498 3864 621 3920 tanquam
637 3857 724 3921 legato
742 3857 862 3916 Caesaris,
877 3871 906 3908 re
917 3858 942 3908 ia
957 3856 1036 3916 bello,
1054 3857 1096 3907 rel
1113 3858 1214 3921 proelio,
1235 3858 1300 3908 hene
1330 3888 1333 3896 ·

198 3941 282 3999 gesta,
293 3941 396 3999 patrem
414 3937 441 3986 in
458 3935 600 3987 obtinenda
609 3937 730 3996 uictoris,
742 3938 973 4005 promerendisqne
989 3939 1147 3989 ornamentis
1158 3939 1301 4004 triumpha·

197 4015 275 4082 libas,
285 4016 427 4081 adjuverit,
444 4023 497 4076 aut,
508 4024 537 4068 ut
556 4033 634 4082 supra
648 4033 707 4084 cap.
719 4031 780 4070 xlv.
791 4019 857 4071 dixit
867 4019 980 4082 Plinius,
990 4025 998 4048 '
1009 4019 1135 4070 Parthica
1154 4019 1228 4070 lauro
1245 4022 1301 4084 glo·

198 4100 263 4150 riam
276 4099 358 4164 patris
369 4100 490 4151 auxerit'
522 4101 612 4167 Certe,
625 4102 680 4166 jam
699 4103 725 4152 in
737 4103 873 4167 republica
888 4104 971 4153 libere
981 4103 1028 4153 filii
1047 4103 1185 4168 aliqnando
1201 4102 1301 4167 ‘patris

197 4180 357 4245 triumphurn
369 4178 444 4231 donis
459 4181 615 4232 militaribus
633 4181 768 4247 decorare,
780 4188 808 4232 et
826 4198 873 4233 sua
881 4183 980 4233 virtute
994 4182 1191 4246 amplitudinem
1211 4189 1301 4246 pater·

197 4275 258 4314 nam
278 4259 428 4327 illustrare,’
448 4261 611 4320 dicebantur,
625 4262 671 4330 qni
690 4277 745 4314 rem
765 4264 792 4314 in
810 4262 880 4315 bello
896 4261 962 4316 bene
981 4270 1123 4330 gesserant,
1141 4263 1261 4330 patrique
1273 4264 1299 4314 in
