3100 4854
213 348 278 414 lto
580 361 613 407 e.
636 359 757 408 nntnn
783 359 947 410 suenum

214 514 309 581 tarot,
337 509 404 568 tem
430 503 550 585 paruit,
573 512 675 585 quern
701 509 750 580 tn,
782 502 839 586 qui
864 501 1093 585 adopteber'is.
1136 500 1171 566 3.
1191 499 1308 568 Allato

213 614 292 674 eret,
307 625 350 670 ex
372 603 570 669 Pannonio¹¹
589 605 715 682 laurea,
739 603 773 667 id
796 603 970 684 agentibus
993 602 1082 678 Diis,
1110 608 1167 666 ιιιι
1192 604 1308 668 invicti

214 707 434 790 Imperatoris
448 713 603 770 exortum
619 706 768 772 victorine
783 706 912 788 insigne
924 705 1115 770 decoraret:
1138 704 1225 770 bano
1241 705 1308 768 lm.

212 813 346 892 peretot
363 807 479 872 Nerva
501 807 537 870 in
562 806 683 888 gremio
697 806 820 872 Jovis⁰
846 807 1045 885 collocaret,
1072 825 1149 870 oum
1169 815 1307 890 repente

213 912 315 978 solito
346 911 453 995 major
482 918 516 975 et
544 912 729 992 augustior,
759 911 924 976 advocato
951 911 1118 976 bominum
1148 912 1310 976 concione

215 1014 443 1096 Deorumquo,
460 1019 492 1078 te
506 1011 608 1076 fitium
625 1013 704 1089 sibi,
724 1013 790 1077 hoe
805 1020 868 1089 est,
883 1014 1016 1076 unicum
1032 1012 1194 1076 auxilium
1210 1013 1308 1076 sessis

214 1114 341 1191 rebus,i
370 1115 539 1178 assumsit.
582 1116 615 1178 4.
637 1113 731 1193 Inde,
756 1115 855 1198 quasi
882 1114 1039 1197 deposito
1062 1114 1217 1196 imperio,
1242 1132 1310 1197 que

214 1215 409 1293 securitate,
425 1233 491 1299 qna
501 1216 617 1298 glorie,
634 1207 756 1281 laetnsi
779 1237 867 1295 nam,
880 1215 1102 1303 ἰιιιιιιιῐιιίιιιιιΡ
1124 1215 1235 1292 refert,
1252 1214 1311 1280 de-

246 1390 318 1438 tlte
325 1389 505 1456 prouidentibus
516 1390 575 1441 Diis
585 1395 622 1450 nt,
632 1393 672 1456 tu·
802 1391 924 1443 *Boeoti
934 1389 1076 1456 reipublice.

671 1517 854 1542 ”munau

214 1621 346 1679 quotenne
356 1615 465 1666 minino·
473 1616 537 1676 soit.
572 1618 629 1666 Tem
641 1615 724 1680 potnit
736 1615 827 1675 Nem,
838 1629 907 1679 qoem
917 1621 953 1676 tn,
961 1616 1001 1679 qui
1011 1615 1218 1678 adoptatum-t
1230 1614 1313 1664 Aitete

215 1684 268 1728 erut
278 1681 358 1729 bomo
369 1695 401 1730 ee
411 1682 537 1730 Pannonio
553 1681 630 1730 oodd.
650 1680 735 1729 Poris.
746 1685 775 1728 et
784 1680 879 1729 Seiieb.
897 1681 1067 1744 ‘imperatorie
1079 1685 1189 1729 exortum
1206 1679 1312 1728 uictoria

215 1744 310 1804 insigne
326 1744 459 1807 decoraret]
476 1746 572 1794 Mirum
588 1754 640 1807 eet,
652 1745 775 1808 pinrimoe
792 1744 869 1796 eodd.
880 1745 945 1794 Mer.
956 1751 983 1794 et
995 1745 1021 1794 in
1033 1745 1136 1794 exeneis
1148 1745 1312 1798 Deroeidnun

216 1809 241 1855 in
259 1821 365 1862 nurnero
378 1810 547 1860 multitudinis
564 1810 662 1860 hebere
673 1811 825 1867 decorum
842 1810 914 1872 quest
924 1808 974 1858 hoe
990 1809 1096 1858 verbum
1113 1808 1145 1857 nd
1157 1808 1313 1856 antecedens

216 1885 309 1922 nomen
326 1873 432 1924 Deorum
450 1875 483 1924 eit
499 1872 678 1936 referendum
696 1885 754 1924 eum
776 1879 862 1922 temen
882 1880 944 1923 tuno
960 1885 1010 1922 non
1029 1873 1134 1936 insigne,
1153 1872 1197 1920 sed
1215 1872 1314 1935 insigni.

216 1923 268 1986 diei
279 1939 444 2001 oportuisset.
477 1939 587 2002 Legitur
599 1947 684 1988 temen
696 1940 722 1987 in
734 1937 791 1986 cod.
802 1938 915 2002 Gneipb.
933 1945 959 1986 et
978 1938 1003 1986 iu
1022 1938 1089 1986 libro
1100 1937 1177 1987 Voss.
1189 1943 1268 2000 etque
1280 1949 1314 1984 ex

216 2004 380 2051 correctione
391 2003 416 2052 in
429 2003 485 2052 eod.
495 2003 589 2053 Seiieb.
601 2004 626 2051 in
641 2016 749 2052 numero
761 2002 894 2063 singulari,
903 2003 1032 2051 decoraret.
1064 2002 1170 2051 Dicitur
1178 2001 1246 2048 enirn
1258 2001 1313 2048 ten«

216 2079 271 2128 ree,
284 2073 405 2130 tunquam
419 2067 513 2127 insigne
530 2075 558 2117 et
571 2067 693 2116 indicium
713 2066 819 2114 victorie
835 2070 956 2116 deeorotee
974 2070 1091 2124 exortum,
1102 2067 1157 2116 eive
1170 2066 1312 2127 euspicium

216 2129 317 2192 imperii
327 2130 449 2194 'trojani'
466 2131 585 2180 Scitum.
617 2131 680 2180 Vnt.
691 2135 717 2180 4.
732 2131 759 2178 io
774 2130 866 2191 memte
885 2131 954 2178 Joet'e
971 2131 1105 2179 eolteoorot.
1136 2129 1219 2180 codd.
1232 2129 1314 2177 Parte.

217 2194 324 2242 Venett.
343 2199 367 2244 1.
385 2199 410 2243 2.
427 2191 488 2242 edd.
507 2196 634 2245 Beronid.
645 2203 673 2244 et
684 2195 774 2244 Kircb·
792 2194 867 2254 mutor
877 2200 901 2243 et
916 2194 1051 2256 nogentior.
1084 2195 1157 2252 Mox,
1169 2193 1243 2242 Vati.
1254 2197 1280 2242 D.
1290 2196 1314 2241 4.

218 2257 331 2321 Gneiph.
342 2267 370 2306 et
388 2259 481 2307 Seiieb.
497 2262 610 2309 ndeoeoto
620 2260 739 2308 leontinum
755 2258 915 2320 Domumque,
925 2259 1020 2308 omisso
1032 2271 1094 2306 tone
1104 2259 1225 2318 concione,
1239 2271 1314 2322 quum

217 2329 304 2371 tannen
318 2325 399 2370 ceteri
412 2323 488 2372 codd.
500 2338 543 2385 ep.
553 2325 680 2373 sennan.
692 2323 874 2384 comprobent.
908 2322 1052 2371 Pronomeu
1065 2327 1088 2371 te
1099 2322 1185 2370 omisit
1194 2323 1254 2371 cod.
1263 2322 1317 2370 Ve·
1355 2371 1358 2376 ,

218 2390 322 2435 net-d
340 2387 400 2436 Inde
418 2387 485 2450 quaet
498 2388 599 2450 depositi
612 2387 707 2450 imperii
722 2386 798 2436 codd.
808 2387 881 2435 Vett.
893 2390 916 2434 l.
929 2391 952 2435 2.
963 2391 988 2435 3.
1000 2391 1025 2436 d.
1043 2387 1128 2435 Puris.
1138 2387 1244 2435 Venett.
1256 2391 1279 2434 1.
1290 2389 1315 2434 ².

216 2450 311 2500 Seiieb.
322 2451 435 2515 Guetpb.
446 2449 571 2502 Sobnure.
583 2460 611 2500 et
620 2453 686 2503 Eue.
697 2451 776 2500 Voss.
788 2450 833 2500 sed
845 2451 952 2514 deposito
963 2451 1062 2514 imperio
1073 2451 1171 2499 babent
1182 2451 1242 2500 edd.
1263 2451 1315 2498 Pn-

218 2516 280 2564 tent.
293 2519 366 2564 1476.
382 2518 476 2564 Venet.
490 2520 561 2565 1498.
577 2517 803 2566 Beroaldceten.
821 2515 882 2564 Ant.
901 2515 1007 2577 cuspin.
1024 2514 1126 2578 Grypb.
1139 2515 1217 2564 Grut.
1227 2514 1317 2562 ceterb

218 2580 293 2638 Mox,
302 2581 392 2630 Burtb.
405 2579 436 2628 od
449 2581 518 2629 Stet.
528 2580 611 2630 Theb.
622 2594 660 2629 tv.
671 2584 729 2630 oto.
739 2580 807 2642 eouj.
823 2593 854 2627 on
870 2579 907 2626 ito
922 2579 1045 2640 portioris.
1079 2579 1162 2628 ‘Num
1178 2579 1317 2642 qnootoiom

220 2678 243 2693 ..
254 2678 260 2692 .
270 2645 313 2692 boe
330 2646 378 2710 est]
397 2645 462 2694 Mibi
483 2661 533 2694 nen
553 2652 594 2696 est
611 2645 727 2706 dubium,
744 2645 808 2692 beno
820 2643 985 2706 parenthenin
997 2643 1075 2706 enipe
1085 2643 1193 2698 librarii,
1205 2643 1248 2705 nui
1260 2655 1316 2691 enm

218 2710 426 2770 protensionem,
438 2723 512 2758 oeten
529 2725 580 2758 nno
600 2711 691 2766 serint,
703 2723 778 2773 quiem
795 2707 942 2771 oportebit,
959 2708 1122 2770 collecatum,
1140 2707 1258 2755 revocari
1270 2707 1317 2755 de·

219 2773 290 2834 bere,
304 2774 418 2837 ponique
437 2782 497 2836 poet
514 2773 605 2834 verbe,
620 2775 689 2837 qnasi
708 2772 813 2836 deposito
831 2771 946 2836 imperio!
964 2772 1044 2822 Genu.
1086 2771 1171 2820 ‘Cnm
1187 2770 1260 2818 codd.
1273 2769 1316 2833 qni

219 2844 329 2898 restent,
342 2835 398 2885 t'ere
410 2851 496 2886 omnes
513 2839 614 2899 depositi
623 2837 717 2900 imperii
735 2835 885 2900 proferent,
896 2837 951 2899 jem
964 2850 1047 2899 nuper
1058 2835 1224 2899 euentuque
1236 2834 1315 2883 etiem

219 2913 289 2948 nune
309 2900 422 2949 enodeo:
439 2915 484 2962 qno
501 2901 603 2961 depositi
614 2900 707 2963 imperii
725 2899 773 2965 (ob
785 2901 933 2962 dopositum
954 2898 1029 2962 imp.)
1047 2900 1181 2954 seueritate,
1198 2901 1239 2961 du.
1273 2897 1317 2946 Sie

219 2963 382 3027 parenthesis
393 2965 604 3029 numennumen,
621 2966 661 3026 ipe.
678 2965 737 3012 ioco
754 2963 817 3012 entis
829 2961 965 3012 commodo
979 2964 1075 3012 inserte
1082 2971 1135 3024 eet,
1152 2975 1234 3026 neque
1253 2975 1317 3024 opne

219 3034 270 3089 eet,
281 3034 310 3077 nt
318 3042 374 3078 eom
387 3040 445 3077 cnm
457 3029 576 3079 Gesnero
588 3034 646 3092 poet
656 3028 755 3092 imperio
763 3028 884 3090 colloces,
894 3033 940 3077 ent
951 3041 1009 3079 oum
1019 3026 1153 3078 Sebaet'ero
1165 3029 1244 3077 verbe
1252 3027 1319 3090 quoti

699 3205 702 3210 ⁴
715 3185 824 3239 NO'l'AE

252 3292 265 3320 ³
282 3280 421 3343 Peeoonto]
439 3283 521 3347 Regio
539 3283 662 3346 Europen,
682 3283 751 3332 inter
790 3283 862 3332 leuto
879 3289 1040 3346 contextum,
1051 3281 1076 3330 in
1089 3281 1270 3343 gremiodovie
1281 3283 1320 3333 eui

220 3358 380 3413 Danubium,
390 3357 422 3405 ed
440 3361 652 3420 septemtrionem
667 3367 695 3406 et
709 3373 750 3406 or·
790 3358 931 3422 Capitolini
943 3359 1119 3423 deponebant.
1147 3359 1216 3409 Stet.
1234 3363 1321 3412 ‘Leu-

221 3441 293 3493 tum;
310 3431 444 3488 Noricum,
456 3431 634 3493 udocoeenm3
651 3441 679 3481 et
690 3433 751 3496 luy·
791 3447 899 3498 rumque
918 3434 1056 3497 enp'erbem
1074 3433 1105 3484 In
1127 3436 1227 3499 gremio
1245 3435 1320 3488 Jovie

222 3507 312 3562 ricem,
330 3505 362 3555 ad
381 3506 525 3556 meridiem.
558 3509 664 3571 Duplex
683 3507 750 3557 fnit:
788 3509 884 3558 excisis
893 3508 1024 3572 deponere
1041 3509 1149 3560 Poenis!
1166 3512 1265 3560 Ptinine
1276 3513 1321 3563 lib.

220 3583 341 3647 superior
358 3596 448 3631 verens
469 3597 598 3646 occennn,
617 3583 660 3634 nbi
682 3598 751 3634 nnnc
791 3599 839 3636 xv.
849 3599 908 3648 esp.
919 3586 1009 3636 ultimo
1018 3585 1051 3638 de
1062 3588 1150 3637 lauro:
1164 3589 1213 3637 ‘ln
1223 3589 1321 3650 gremio

222 3656 416 3723 persAuetrioe,
434 3655 532 3720 Stiria,
546 3659 671 3709 Merobiae
688 3660 750 3709 Viu-
791 3661 864 3714 Jovte
881 3662 947 3726 opt.
966 3663 1040 3713 Max.
1056 3662 1204 3726 deponitur,
1220 3665 1322 3726 quoties

222 3735 323 3797 dorum,
338 3732 492 3795 sclavonia,
508 3740 536 3784 et
552 3735 694 3795 tiernioiae3
712 3735 750 3784 in·
791 3739 910 3789 letitiam
923 3754 989 3790 nove
1001 3741 1109 3789 victorin
1120 3739 1225 3790 attolit?
1242 3741 1322 3789 ΡΙιιιιι

222 3810 400 3861 seriorertnm
413 3811 752 3876 vestimentorumque
792 3815 851 3864 ride
874 3815 942 3878 apud
961 3815 1032 3877 Dipo.
1049 3816 1168 3865 Exonren
1187 3814 1220 3864 ed
1236 3815 1320 3866 tecit.

223 3900 283 3949 pers
297 3885 439 3949 Hnugerioe
452 3892 479 3933 et
491 3886 646 3937 Seleneniae.
793 3891 885 3940 Annei.
894 3905 926 3940 11.
938 3897 965 3939 et
976 3890 1086 3942 Cesaub.
1094 3891 1127 3940 ed
1135 3892 1208 3941 Suet.
1221 3892 1322 3942 Domit.

255 3962 417 4022 otomeuto
425 3961 508 4025 Joote]
534 3961 603 4010 Note
618 3963 687 4026 piant
701 3963 752 4011 Ro·
793 3971 853 4017 md.
1139 3981 1141 3986 ¹

224 4050 356 4088 munorum
383 4037 606 4094 consuetudinem,
628 4039 753 4102 quicum
825 4042 928 4096 nivem,
943 4041 1093 4106 quantulum]
1110 4039 1142 4090 Id
1159 4047 1209 4097 eet,
1224 4041 1322 4091 minimi
1414 4039 1416 4050 ’

211 4113 348 4173 ‘insignem
360 4113 469 4178 eliquato
486 4113 621 4164 victorium
638 4122 754 4178 reporte-
793 4116 885 4168 refert.
899 4117 975 4167 Idem
985 4131 1024 4167 tv.
1038 4121 1075 4167 to.
1094 4118 1323 4170 ‘Quantulumeet
1412 4181 1414 4185 Ι

226 4196 327 4252 retent,
343 4188 468 4253 lnnreem,
490 4190 515 4241 id
536 4196 585 4248 est,
605 4204 753 4242 coronante
794 4195 890 4245 coliate
911 4194 1021 4258 peeunin
1043 4192 1190 4244 eondnoere
1205 4207 1323 4259 procep-
