3022 4852
265 657 327 749 C·
379 653 597 746 PLINII
648 650 924 743 CAECILII
974 650 1196 742 SECUN
1202 653 1273 742 DI

576 917 972 1052 VITA

350 1198 498 1250 ORDINE
512 1197 809 1252 ennononoelco
826 1197 1007 1252 BREVll'ER
1023 1193 1193 1262 nicusus,

397 1427 626 1494 AUCTORE
657 1427 854 1494 JOANNE
891 1423 1151 1494 MASSONlO.
1218 1455 1222 1462 ·

325 1879 393 1947 Au.
416 1900 472 1949 aer.
493 1880 571 1950 cnr.
592 1883 683 1964 rulg.
709 1878 807 1948 uxrr.
864 1879 933 1950 An.
954 1881 1061 1948 AEtat.
1085 1879 1173 1946 Plio.
1198 1877 1229 1942 l.

228 2011 282 2102 C.
306 2039 471 2105 Pcrurus
488 2041 528 2106 G.
543 2041 583 2104 F.
598 2039 638 2105 C.
654 2039 699 2104 N.
716 2041 910 2106 Cmcrnrus
926 2040 1157 2106 Ssouuous·
1181 2041 1322 2100 exeunte

228 2159 316 2205 enno
332 2159 410 2204 aeree
428 2140 506 2205 chr.
523 2142 611 2224 vulg.
628 2158 711 2206 uxr.
734 2142 787 2206 rel
810 2142 974 2225 sequenti,
989 2148 1028 2205 ut
1044 2140 1142 2203 nobis
1163 2135 1321 2203 verisimi-

227 2239 294 2302 lius
309 2239 449 2314 videtur,
463 2247 676 2322 currenteet
698 2241 833 2324 quidem
857 2249 933 2306 unte
959 2261 1103 2304 mensem
1129 2238 1323 2322 Augustum

228 2345 338 2407 natus.
381 2339 462 2405 Vid.
480 2362 534 2405 an.
551 2341 589 2405 G.
610 2357 754 2406 cxxix.
769 2350 803 2407 et
823 2358 1009 2406 cxxxvu.

272 2437 379 2528 Cujus
403 2443 528 2507 ordinis
553 2443 651 2507 fuerit
679 2451 777 2526 pater
808 2444 847 2508 G.
872 2445 926 2508 rel
955 2442 1010 2508 Iri
1032 2441 1204 2519 Caecilius,
1233 2439 1323 2503 haud

228 2545 346 2629 magis,
362 2564 463 2627 quam
488 2543 561 2628 ejus
584 2545 789 2625 cognominis
805 2545 921 2621 forma,
936 2545 1054 2627 liquet.
1098 2542 1237 2606 Caecilia
1251 2541 1324 2625 qui·

229 2643 306 2709 dem
320 2664 401 2728 gens
418 2645 550 2724 nobilis,
566 2645 623 2709 sed
638 2645 791 2728 plebeio;
815 2647 1051 2730 euquevarioe
1061 2643 1208 2720 familiae,
1222 2642 1324 2708 variis

229 2747 479 2830 cognominibus
495 2747 685 2828 distinctae3
709 2747 906 2810 celebriores
927 2745 1141 2810 Metellorum
1157 2751 1189 2807 et
1202 2743 1325 2828 Nigro·

229 2867 313 2923 rum,
329 2849 360 2909 in
376 2847 521 2928 antiquis
535 2847 637 2910 etiam
653 2846 801 2910 denariis
817 2848 985 2928 signatae.c
1007 2846 1124 2910 Genus
1139 2864 1216 2910 vero
1232 2843 1325 2914 Nos·

229 2948 271 3011 tri
294 2946 519 3028 proculdubio
547 2945 676 3010 clarum
702 2953 736 3010 et
760 2949 947 3033 antiquum,
974 2956 1012 3010 ut
1038 2950 1097 3030 qui
1118 2945 1274 3019 ‘liberis'
1296 2947 1326 3010 si

229 3047 300 3111 nati
315 3047 469 3122 fuissent,
493 3051 534 3109 ‘a
550 3065 613 3109 suo
635 3048 815 3131 uxorisque
835 3048 939 3112 latere
960 3067 1097 3128 pronum
1120 3047 1162 3110 ed
1186 3047 1325 3110 honores

229 3149 302 3225 iter,
316 3153 349 3212 et
364 3148 479 3211 audita
494 3147 594 3212 latius
609 3150 753 3226 nomina,
774 3156 807 3213 et
822 3169 888 3213 non
903 3149 1034 3212 subitus
1049 3148 1211 3227 imagines
1229 3147 1328 3210 relic·

230 3249 336 3314 turus'
366 3249 462 3322 foret,
491 3248 556 3331 Ep.
584 3266 667 3313 vm.
692 3252 747 3316 10.
772 3255 872 3333 atque
894 3254 1045 3312 ‘statuas
1074 3247 1259 3329 principum
1290 3248 1325 3309 in

230 3349 318 3430 agris
332 3367 391 3430 per
407 3350 519 3430 plures
534 3351 768 3414 successiones
791 3349 935 3414 traditas
951 3349 1018 3412 sibi
1033 3345 1237 3423 custodiret,'
1259 3347 1326 3432 Ep.

232 3448 341 3514 x.24,

273 3547 474 3614 Avunculus
496 3554 618 3621 temen,
639 3550 678 3615 C.
695 3550 826 3615 Plinius
849 3550 1026 3615 Secundus
1049 3550 1178 3614 Hister.
1207 3549 1325 3616 Nelur.

143 3692 151 3704 -
230 3651 384 3733 scriptor,
407 3648 583 3731 ‘idemque
599 3670 657 3733 per
672 3651 885 3734 adoptionem
899 3653 1014 3734 pater}
1037 3651 1102 3734 Ep.
1120 3668 1155 3716 v,
1169 3650 1202 3714 8.
1216 3653 1251 3715 in
1266 3669 1325 3714 cu·

226 3755 283 3838 jus
299 3749 439 3835 proinde
456 3751 592 3816 nomina
609 3757 642 3816 et
656 3755 864 3837 cognomine,
885 3772 954 3816 non
975 3771 1072 3816 secus
1097 3771 1137 3816 ac
1160 3753 1325 3816 fortunam

262 3929 274 3956 ⁸
291 3922 369 3973 Grut.
381 3923 465 3972 luscr.
478 3935 502 3985 p·
513 3926 571 3973 454.
581 3938 606 3973 n.
618 3928 642 3973 8·
655 3913 719 3974 etri.
729 3940 754 3990 p.
828 3935 839 3962 ⁶
855 3925 916 3976 Vid.
933 3927 999 3976 Veli.
1023 3927 1128 3976 Patere.
1149 3939 1181 3976 rr.
1196 3929 1237 3974 ll.
1255 3923 1326 3972 Ursi·

231 4000 304 4045 1⁰28.
316 4011 340 4045 n.
352 4003 376 4046 5.
796 4017 854 4062 nus,
862 4000 1063 4065 Augustiana
1072 4001 1198 4051 Streinius
1206 4001 1238 4050 de
1247 4000 1328 4050 Geut.

262 4070 274 4104 b
290 4071 399 4124 varient
410 4074 466 4125 scil.
478 4074 589 4138 Inscrip.
601 4074 657 4138 jam
671 4075 758 4139 desig·
799 4083 827 4127 et
840 4077 911 4126 Fam.
924 4076 997 4126 Rorn.
1009 4079 1059 4126 &c

230 4153 310 4198 nete.
972 4176 974 4178 ·
