<?xml version="1.0" encoding="UTF-8"?>
<!DOCTYPE html PUBLIC "-//W3C//DTD XHTML 1.0 Transitional//EN"
    "http://www.w3.org/TR/xhtml1/DTD/xhtml1-transitional.dtd">
<html xmlns="http://www.w3.org/1999/xhtml" xml:lang="en" lang="en">
 <head>
  <title>
</title>
<meta http-equiv="Content-Type" content="text/html;charset=utf-8" />
  <meta name='ocr-system' content='tesseract 3.04.00' />
  <meta name='ocr-capabilities' content='ocr_page ocr_carea ocr_par ocr_line ocrx_word'/>
</head>
<body>
  <div class='ocr_page' id='page_1' title='image "./panegyriciveter02baungoog_0320.png"; bbox 0 0 3088 4848; ppageno 0'>
   <div class='ocr_carea' id='block_1_1' title="bbox 535 353 1302 437">
    <p class='ocr_par' dir='ltr' id='par_1_1' title="bbox 535 353 1302 437">
     <span class='ocr_line' id='line_1_1' title="bbox 535 353 1302 437; baseline 0 -5"><span class='ocrx_word' id='word_1_1' title='bbox 535 353 823 432; x_wconf 73' lang='lat' dir='ltr'><strong>senseramus.</strong></span> <span class='ocrx_word' id='word_1_2' title='bbox 864 379 890 428; x_wconf 87' lang='lat' dir='ltr'><strong>r.</strong></span> <span class='ocrx_word' id='word_1_3' title='bbox 905 365 959 437; x_wconf 80' lang='grc'><strong>71.</strong></span> <span class='ocrx_word' id='word_1_4' title='bbox 1234 361 1302 432; x_wconf 79' lang='lat' dir='ltr'><strong>eta</strong></span> 
     </span>
    </p>
   </div>
   <div class='ocr_carea' id='block_1_2' title="bbox 201 523 1303 1732">
    <p class='ocr_par' dir='ltr' id='par_1_2' title="bbox 201 523 1303 1732">
     <span class='ocr_line' id='line_1_2' title="bbox 206 523 1301 612; baseline -0.006 -14"><span class='ocrx_word' id='word_1_5' title='bbox 206 549 282 598; x_wconf 90' lang='lat' dir='ltr'><strong>cum</strong></span> <span class='ocrx_word' id='word_1_6' title='bbox 306 529 385 596; x_wconf 84' lang='lat' dir='ltr'><strong>vera</strong></span> <span class='ocrx_word' id='word_1_7' title='bbox 406 527 646 593; x_wconf 77' lang='lat' dir='ltr'><strong>acclamatione</strong></span> <span class='ocrx_word' id='word_1_8' title='bbox 666 525 874 590; x_wconf 81' lang='lat' dir='ltr'><strong>celebratum</strong></span> <span class='ocrx_word' id='word_1_9' title='bbox 902 530 977 588; x_wconf 85' lang='lat' dir='ltr'><strong>est:</strong></span> <span class='ocrx_word' id='word_1_10' title='bbox 1018 523 1133 589; x_wconf 79' lang='lat' dir='ltr'><strong>‘tanto</strong></span> <span class='ocrx_word' id='word_1_11' title='bbox 1166 524 1301 612; x_wconf 70' lang='lat' dir='ltr'><strong>major:¹</strong></span> 
     </span>
     <span class='ocr_line' id='line_1_3' title="bbox 207 623 1301 714; baseline -0.003 -16"><span class='ocrx_word' id='word_1_12' title='bbox 207 639 301 698; x_wconf 82' lang='lat' dir='ltr'><strong>tanto</strong></span> <span class='ocrx_word' id='word_1_13' title='bbox 320 628 532 714; x_wconf 84' lang='lat' dir='ltr'><strong>angustiort&#39;</strong></span> <span class='ocrx_word' id='word_1_14' title='bbox 568 627 671 707; x_wconf 88' lang='lat' dir='ltr'><strong>Nam,</strong></span> <span class='ocrx_word' id='word_1_15' title='bbox 695 628 750 692; x_wconf 90' lang='lat' dir='ltr'><strong>eni</strong></span> <span class='ocrx_word' id='word_1_16' title='bbox 772 627 854 690; x_wconf 91' lang='lat' dir='ltr'><strong>nihil</strong></span> <span class='ocrx_word' id='word_1_17' title='bbox 870 623 915 692; x_wconf 88' lang='lat' dir='ltr'><strong>ad</strong></span> <span class='ocrx_word' id='word_1_18' title='bbox 929 625 1118 707; x_wconf 80' lang='lat' dir='ltr'><strong>augendum</strong></span> <span class='ocrx_word' id='word_1_19' title='bbox 1132 627 1301 711; x_wconf 77' lang='lat' dir='ltr'><strong>fastigium</strong></span> 
     </span>
     <span class='ocr_line' id='line_1_4' title="bbox 207 729 1302 816; baseline -0.003 -18"><span class='ocrx_word' id='word_1_20' title='bbox 207 740 373 816; x_wconf 76' lang='lat' dir='ltr'><strong>superest,</strong></span> <span class='ocrx_word' id='word_1_21' title='bbox 389 731 445 797; x_wconf 91' lang='lat' dir='ltr'><strong>hic</strong></span> <span class='ocrx_word' id='word_1_22' title='bbox 458 751 527 808; x_wconf 87' lang='lat' dir='ltr'><strong>uno</strong></span> <span class='ocrx_word' id='word_1_23' title='bbox 539 731 638 795; x_wconf 91' lang='lat' dir='ltr'><strong>modo</strong></span> <span class='ocrx_word' id='word_1_24' title='bbox 655 747 805 794; x_wconf 88' lang='lat' dir='ltr'><strong>crescere</strong></span> <span class='ocrx_word' id='word_1_25' title='bbox 821 733 946 812; x_wconf 87' lang='lat' dir='ltr'><strong>potest,</strong></span> <span class='ocrx_word' id='word_1_26' title='bbox 964 729 993 792; x_wconf 90' lang='lat' dir='ltr'><strong>si</strong></span> <span class='ocrx_word' id='word_1_27' title='bbox 1007 747 1045 792; x_wconf 85' lang='lat' dir='ltr'><strong>se</strong></span> <span class='ocrx_word' id='word_1_28' title='bbox 1060 730 1136 811; x_wconf 89' lang='lat' dir='ltr'><strong>ipse</strong></span> <span class='ocrx_word' id='word_1_29' title='bbox 1153 731 1302 795; x_wconf 88' lang='lat' dir='ltr'><strong>summit·</strong></span> 
     </span>
     <span class='ocr_line' id='line_1_5' title="bbox 208 829 1302 913; baseline -0.005 -12"><span class='ocrx_word' id='word_1_30' title='bbox 208 842 269 912; x_wconf 90' lang='lat' dir='ltr'><strong>tet,</strong></span> <span class='ocrx_word' id='word_1_31' title='bbox 298 853 435 898; x_wconf 88' lang='lat' dir='ltr'><strong>securus</strong></span> <span class='ocrx_word' id='word_1_32' title='bbox 460 831 701 913; x_wconf 81' lang='lat' dir='ltr'><strong>magnitudinis</strong></span> <span class='ocrx_word' id='word_1_33' title='bbox 722 850 807 894; x_wconf 87' lang='lat' dir='ltr'><strong>suae.</strong></span> <span class='ocrx_word' id='word_1_34' title='bbox 852 831 884 893; x_wconf 78' lang='lat' dir='ltr'><strong>d.</strong></span> <span class='ocrx_word' id='word_1_35' title='bbox 909 829 1029 913; x_wconf 80' lang='lat' dir='ltr'>Neque</span> <span class='ocrx_word' id='word_1_36' title='bbox 1053 832 1137 893; x_wconf 89' lang='lat' dir='ltr'><strong>enim</strong></span> <span class='ocrx_word' id='word_1_37' title='bbox 1163 832 1206 894; x_wconf 90' lang='lat' dir='ltr'><strong>ab</strong></span> <span class='ocrx_word' id='word_1_38' title='bbox 1230 831 1302 896; x_wconf 87' lang='lat' dir='ltr'><strong>ullo</strong></span> 
     </span>
     <span class='ocr_line' id='line_1_6' title="bbox 206 931 1303 1019; baseline -0.004 -19"><span class='ocrx_word' id='word_1_39' title='bbox 206 936 358 1019; x_wconf 87' lang='lat' dir='ltr'><strong>periculo</strong></span> <span class='ocrx_word' id='word_1_40' title='bbox 372 937 505 999; x_wconf 82' lang='lat' dir='ltr'><strong>fortuna</strong></span> <span class='ocrx_word' id='word_1_41' title='bbox 520 933 707 1017; x_wconf 79' lang='lat' dir='ltr'><strong>principum</strong></span> <span class='ocrx_word' id='word_1_42' title='bbox 719 933 853 1012; x_wconf 86' lang='lat' dir='ltr'><strong>longius</strong></span> <span class='ocrx_word' id='word_1_43' title='bbox 866 933 971 1008; x_wconf 90' lang='lat' dir='ltr'><strong>abest,</strong></span> <span class='ocrx_word' id='word_1_44' title='bbox 984 951 1083 1015; x_wconf 84' lang='lat' dir='ltr'><strong>quam</strong></span> <span class='ocrx_word' id='word_1_45' title='bbox 1095 931 1303 998; x_wconf 76' lang='lat' dir='ltr'><strong>humilitatis.</strong></span> 
     </span>
     <span class='ocr_line' id='line_1_7' title="bbox 208 1034 1303 1120; baseline -0.004 -18"><span class='ocrx_word' id='word_1_46' title='bbox 208 1037 295 1102; x_wconf 88' lang='lat' dir='ltr'><strong>Mihi</strong></span> <span class='ocrx_word' id='word_1_47' title='bbox 312 1035 448 1120; x_wconf 89' lang='lat' dir='ltr'><strong>quidem</strong></span> <span class='ocrx_word' id='word_1_48' title='bbox 462 1055 528 1100; x_wconf 93' lang='lat' dir='ltr'><strong>non</strong></span> <span class='ocrx_word' id='word_1_49' title='bbox 543 1044 611 1098; x_wconf 87' lang='lat' dir='ltr'><strong>tem</strong></span> <span class='ocrx_word' id='word_1_50' title='bbox 627 1035 815 1098; x_wconf 88' lang='lat' dir='ltr'><strong>humanitas</strong></span> <span class='ocrx_word' id='word_1_51' title='bbox 833 1040 902 1110; x_wconf 88' lang='lat' dir='ltr'><strong>tua,</strong></span> <span class='ocrx_word' id='word_1_52' title='bbox 922 1053 1024 1118; x_wconf 81' lang='lat' dir='ltr'><strong>quam</strong></span> <span class='ocrx_word' id='word_1_53' title='bbox 1046 1034 1182 1098; x_wconf 78' lang='lat' dir='ltr'><strong>intentis</strong></span> <span class='ocrx_word' id='word_1_54' title='bbox 1203 1034 1303 1118; x_wconf 65' lang='lat' dir='ltr'><strong>ejus·</strong></span> 
     </span>
     <span class='ocr_line' id='line_1_8' title="bbox 207 1136 1303 1220; baseline -0.004 -16"><span class='ocrx_word' id='word_1_55' title='bbox 207 1139 415 1205; x_wconf 87' lang='lat' dir='ltr'><strong>admirabilis</strong></span> <span class='ocrx_word' id='word_1_56' title='bbox 428 1138 627 1203; x_wconf 83' lang='lat' dir='ltr'><strong>videbatur:</strong></span> <span class='ocrx_word' id='word_1_57' title='bbox 643 1137 768 1220; x_wconf 89' lang='lat' dir='ltr'><strong>quippe</strong></span> <span class='ocrx_word' id='word_1_58' title='bbox 784 1155 860 1202; x_wconf 90' lang='lat' dir='ltr'><strong>curn</strong></span> <span class='ocrx_word' id='word_1_59' title='bbox 876 1137 1015 1200; x_wconf 87' lang='lat' dir='ltr'><strong>orationi</strong></span> <span class='ocrx_word' id='word_1_60' title='bbox 1027 1136 1159 1212; x_wconf 87' lang='lat' dir='ltr'><strong>oculos,</strong></span> <span class='ocrx_word' id='word_1_61' title='bbox 1174 1155 1303 1217; x_wconf 83' lang='lat' dir='ltr'><strong>vocem,</strong></span> 
     </span>
     <span class='ocr_line' id='line_1_9' title="bbox 207 1237 1303 1318; baseline -0.004 -13"><span class='ocrx_word' id='word_1_62' title='bbox 207 1259 351 1318; x_wconf 86' lang='lat' dir='ltr'><strong>manum,</strong></span> <span class='ocrx_word' id='word_1_63' title='bbox 369 1239 624 1316; x_wconf 60' lang='lat' dir='ltr'><strong>commodares,t</strong></span> <span class='ocrx_word' id='word_1_64' title='bbox 646 1243 682 1302; x_wconf 88' lang='lat' dir='ltr'><strong>nt</strong></span> <span class='ocrx_word' id='word_1_65' title='bbox 704 1240 734 1302; x_wconf 93' lang='lat' dir='ltr'><strong>si</strong></span> <span class='ocrx_word' id='word_1_66' title='bbox 755 1239 837 1303; x_wconf 78' lang='lat' dir='ltr'><strong>alii‘</strong></span> <span class='ocrx_word' id='word_1_67' title='bbox 859 1237 978 1302; x_wconf 90' lang='lat' dir='ltr'><strong>eadem</strong></span> <span class='ocrx_word' id='word_1_68' title='bbox 1004 1239 1072 1303; x_wconf 90' lang='lat' dir='ltr'><strong>ista</strong></span> <span class='ocrx_word' id='word_1_69' title='bbox 1095 1239 1303 1308; x_wconf 79' lang='lat' dir='ltr'><strong>mandasses,</strong></span> 
     </span>
     <span class='ocr_line' id='line_1_10' title="bbox 205 1340 1303 1423; baseline -0.002 -16"><span class='ocrx_word' id='word_1_70' title='bbox 205 1342 237 1407; x_wconf 88' lang='grc'><strong>6.</strong></span> <span class='ocrx_word' id='word_1_71' title='bbox 261 1341 387 1406; x_wconf 85' lang='lat' dir='ltr'><strong>Omnes</strong></span> <span class='ocrx_word' id='word_1_72' title='bbox 416 1340 586 1406; x_wconf 86' lang='lat' dir='ltr'><strong>comitatis</strong></span> <span class='ocrx_word' id='word_1_73' title='bbox 615 1360 772 1405; x_wconf 89' lang='lat' dir='ltr'><strong>numeros</strong></span> <span class='ocrx_word' id='word_1_74' title='bbox 802 1342 943 1420; x_wconf 88' lang='lat' dir='ltr'><strong>obibas;</strong></span> <span class='ocrx_word' id='word_1_75' title='bbox 966 1346 1065 1423; x_wconf 88' lang='lat' dir='ltr'><strong>atque</strong></span> <span class='ocrx_word' id='word_1_76' title='bbox 1086 1341 1201 1418; x_wconf 90' lang='lat' dir='ltr'><strong>etiam,</strong></span> <span class='ocrx_word' id='word_1_77' title='bbox 1226 1357 1303 1405; x_wconf 89' lang='lat' dir='ltr'><strong>cum</strong></span> 
     </span>
     <span class='ocr_line' id='line_1_11' title="bbox 203 1439 1302 1528; baseline -0.003 -21"><span class='ocrx_word' id='word_1_78' title='bbox 203 1440 426 1528; x_wconf 53' lang='lat' dir='ltr'><strong>suffragatores</strong></span> <span class='ocrx_word' id='word_1_79' title='bbox 437 1441 674 1506; x_wconf 81' lang='lat' dir='ltr'><strong>candidatorum</strong></span> <span class='ocrx_word' id='word_1_80' title='bbox 686 1439 847 1514; x_wconf 51' lang='lat' dir='ltr'><strong>nominat</strong></span> <span class='ocrx_word' id='word_1_81' title='bbox 859 1445 993 1521; x_wconf 88' lang='lat' dir='ltr'><strong>honore,</strong></span> <span class='ocrx_word' id='word_1_82' title='bbox 1008 1461 1074 1525; x_wconf 91' lang='lat' dir='ltr'><strong>quo</strong></span> <span class='ocrx_word' id='word_1_83' title='bbox 1089 1443 1209 1518; x_wconf 89' lang='lat' dir='ltr'><strong>solent,</strong></span> <span class='ocrx_word' id='word_1_84' title='bbox 1225 1442 1302 1505; x_wconf 77' lang='lat' dir='ltr'><strong>esci·</strong></span> 
     </span>
     <span class='ocr_line' id='line_1_12' title="bbox 201 1542 1302 1628; baseline -0.002 -20"><span class='ocrx_word' id='word_1_85' title='bbox 201 1555 335 1628; x_wconf 74' lang='lat' dir='ltr'><strong>pererit,-</strong></span> <span class='ocrx_word' id='word_1_86' title='bbox 358 1554 394 1610; x_wconf 88' lang='lat' dir='ltr'><strong>tu</strong></span> <span class='ocrx_word' id='word_1_87' title='bbox 410 1563 547 1628; x_wconf 87' lang='lat' dir='ltr'><strong>quoque</strong></span> <span class='ocrx_word' id='word_1_88' title='bbox 561 1544 644 1607; x_wconf 90' lang='lat' dir='ltr'><strong>inter</strong></span> <span class='ocrx_word' id='word_1_89' title='bbox 658 1544 872 1627; x_wconf 84' lang='lat' dir='ltr'><strong>excipientes</strong></span> <span class='ocrx_word' id='word_1_90' title='bbox 885 1563 972 1621; x_wconf 87' lang='lat' dir='ltr'><strong>eras,</strong></span> <span class='ocrx_word' id='word_1_91' title='bbox 995 1551 1092 1608; x_wconf 86' lang='lat' dir='ltr'><strong>etex</strong></span> <span class='ocrx_word' id='word_1_92' title='bbox 1107 1563 1165 1608; x_wconf 89' lang='lat' dir='ltr'><strong>ore</strong></span> <span class='ocrx_word' id='word_1_93' title='bbox 1180 1542 1302 1626; x_wconf 88' lang='lat' dir='ltr'><strong>princi·</strong></span> 
     </span>
     <span class='ocr_line' id='line_1_13' title="bbox 206 1643 1303 1732; baseline 0.002 -22"><span class='ocrx_word' id='word_1_94' title='bbox 206 1647 263 1732; x_wconf 87' lang='lat' dir='ltr'><strong>pis</strong></span> <span class='ocrx_word' id='word_1_95' title='bbox 287 1647 346 1711; x_wconf 91' lang='lat' dir='ltr'><strong>ille</strong></span> <span class='ocrx_word' id='word_1_96' title='bbox 370 1646 560 1710; x_wconf 85' lang='lat' dir='ltr'><strong>senatorius</strong></span> <span class='ocrx_word' id='word_1_97' title='bbox 589 1663 750 1712; x_wconf 82' lang='lat' dir='ltr'><strong>assensus</strong></span> <span class='ocrx_word' id='word_1_98' title='bbox 779 1647 999 1728; x_wconf 84' lang='lat' dir='ltr'><strong>audiebatur3</strong></span> <span class='ocrx_word' id='word_1_99' title='bbox 1022 1645 1183 1730; x_wconf 89' lang='lat' dir='ltr'><strong>quodque</strong></span> <span class='ocrx_word' id='word_1_100' title='bbox 1209 1643 1303 1730; x_wconf 82' lang='lat' dir='ltr'><strong>apud</strong></span> 
     </span>
    </p>
   </div>
   <div class='ocr_carea' id='block_1_3' title="bbox 205 1822 933 1919">
    <p class='ocr_par' dir='ltr' id='par_1_3' title="bbox 205 1822 933 1919">
     <span class='ocr_line' id='line_1_14' title="bbox 205 1822 933 1919; baseline 0 -27"><span class='ocrx_word' id='word_1_101' title='bbox 205 1913 207 1919; x_wconf 16' lang='grc' dir='ltr'><strong>Α</strong></span> <span class='ocrx_word' id='word_1_102' title='bbox 239 1847 252 1873; x_wconf 80' lang='lat'>⁶</span> <span class='ocrx_word' id='word_1_103' title='bbox 269 1839 512 1897; x_wconf 71' lang='lat' dir='ltr'><strong>emissustsasts</strong></span> <span class='ocrx_word' id='word_1_104' title='bbox 521 1822 653 1908; x_wconf 78' lang='lat' dir='ltr'><strong>expressio.</strong></span> <span class='ocrx_word' id='word_1_105' title='bbox 698 1889 700 1892; x_wconf 88' lang='lat'>.</span> <span class='ocrx_word' id='word_1_106' title='bbox 788 1841 933 1906; x_wconf 63' lang='lat' dir='ltr'><strong>euporo.</strong></span> 
     </span>
    </p>
   </div>
   <div class='ocr_carea' id='block_1_4' title="bbox 664 1969 850 1991">
    <p class='ocr_par' dir='ltr' id='par_1_4' title="bbox 664 1969 850 1991">
     <span class='ocr_line' id='line_1_15' title="bbox 664 1969 850 1991; baseline -0.005 0"><span class='ocrx_word' id='word_1_107' title='bbox 664 1969 850 1991; x_wconf 63' lang='lat' dir='ltr'><strong>OOOOWWO</strong></span> 
     </span>
    </p>
   </div>
   <div class='ocr_carea' id='block_1_5' title="bbox 201 2063 1307 2902">
    <p class='ocr_par' dir='ltr' id='par_1_5' title="bbox 201 2063 1307 2902">
     <span class='ocr_line' id='line_1_16' title="bbox 205 2063 1305 2133; baseline -0.002 -13"><span class='ocrx_word' id='word_1_108' title='bbox 205 2073 262 2120; x_wconf 81' lang='lat' dir='ltr'><strong>aute</strong></span> <span class='ocrx_word' id='word_1_109' title='bbox 271 2082 317 2120; x_wconf 88' lang='lat' dir='ltr'><strong>sno</strong></span> <span class='ocrx_word' id='word_1_110' title='bbox 325 2068 387 2132; x_wconf 85' lang='lat' dir='ltr'><strong>jure</strong></span> <span class='ocrx_word' id='word_1_111' title='bbox 394 2065 512 2118; x_wconf 82' lang='lat' dir='ltr'><strong>defendit</strong></span> <span class='ocrx_word' id='word_1_112' title='bbox 522 2067 827 2130; x_wconf 81' lang='lat' dir='ltr'><strong>Schwarzins‚ineeteris</strong></span> <span class='ocrx_word' id='word_1_113' title='bbox 838 2067 964 2130; x_wconf 72' lang='lat' dir='ltr'><strong>nonaeura</strong></span> <span class='ocrx_word' id='word_1_114' title='bbox 976 2063 1305 2133; x_wconf 82' lang='lat' dir='ltr'><strong>feretvirirurnanissinrus,</strong></span> 
     </span>
     <span class='ocr_line' id='line_1_17' title="bbox 207 2132 1305 2199; baseline 0.001 -16"><span class='ocrx_word' id='word_1_115' title='bbox 207 2135 228 2183; x_wconf 91' lang='lat' dir='ltr'><strong>si</strong></span> <span class='ocrx_word' id='word_1_116' title='bbox 240 2133 354 2184; x_wconf 85' lang='lat' dir='ltr'><strong>nonnihil</strong></span> <span class='ocrx_word' id='word_1_117' title='bbox 366 2132 398 2182; x_wconf 88' lang='lat' dir='ltr'><strong>ab</strong></span> <span class='ocrx_word' id='word_1_118' title='bbox 415 2133 472 2196; x_wconf 89' lang='lat' dir='ltr'><strong>ejus</strong></span> <span class='ocrx_word' id='word_1_119' title='bbox 483 2134 612 2182; x_wconf 88' lang='lat' dir='ltr'><strong>sententia</strong></span> <span class='ocrx_word' id='word_1_120' title='bbox 629 2134 763 2186; x_wconf 80' lang='lat' dir='ltr'><strong>dissentire</strong></span> <span class='ocrx_word' id='word_1_121' title='bbox 776 2136 876 2185; x_wconf 83' lang='lat' dir='ltr'><strong>ridear.</strong></span> <span class='ocrx_word' id='word_1_122' title='bbox 907 2136 982 2199; x_wconf 81' lang='lat' dir='ltr'><strong>AEpui</strong></span> <span class='ocrx_word' id='word_1_123' title='bbox 993 2141 1044 2184; x_wconf 82' lang='lat' dir='ltr'><strong>tum</strong></span> <span class='ocrx_word' id='word_1_124' title='bbox 1055 2133 1170 2185; x_wconf 84' lang='lat' dir='ltr'><strong>dedimus</strong></span> <span class='ocrx_word' id='word_1_125' title='bbox 1184 2135 1240 2184; x_wconf 88' lang='lat' dir='ltr'><strong>sine</strong></span> <span class='ocrx_word' id='word_1_126' title='bbox 1252 2135 1305 2184; x_wconf 75' lang='lat' dir='ltr'><strong>utta</strong></span> 
     </span>
     <span class='ocr_line' id='line_1_18' title="bbox 206 2197 1306 2262; baseline 0.003 -18"><span class='ocrx_word' id='word_1_127' title='bbox 206 2200 232 2247; x_wconf 84' lang='lat' dir='ltr'><strong>ri</strong></span> <span class='ocrx_word' id='word_1_128' title='bbox 244 2213 277 2247; x_wconf 91' lang='lat' dir='ltr'><strong>ex</strong></span> <span class='ocrx_word' id='word_1_129' title='bbox 288 2197 320 2246; x_wconf 87' lang='lat' dir='ltr'><strong>iis</strong></span> <span class='ocrx_word' id='word_1_130' title='bbox 333 2197 396 2248; x_wconf 81' lang='lat' dir='ltr'><strong>Mas.</strong></span> <span class='ocrx_word' id='word_1_131' title='bbox 408 2199 451 2262; x_wconf 85' lang='lat' dir='ltr'><strong>qui</strong></span> <span class='ocrx_word' id='word_1_132' title='bbox 460 2198 527 2247; x_wconf 87' lang='lat' dir='ltr'><strong>maia</strong></span> <span class='ocrx_word' id='word_1_133' title='bbox 538 2197 578 2246; x_wconf 85' lang='lat' dir='ltr'><strong>ari</strong></span> <span class='ocrx_word' id='word_1_134' title='bbox 593 2200 777 2261; x_wconf 78' lang='lat' dir='ltr'><strong>conglutinatis</strong></span> <span class='ocrx_word' id='word_1_135' title='bbox 790 2201 869 2249; x_wconf 88' lang='lat' dir='ltr'><strong>literis</strong></span> <span class='ocrx_word' id='word_1_136' title='bbox 881 2198 997 2250; x_wconf 81' lang='lat' dir='ltr'><strong>fecerant</strong></span> <span class='ocrx_word' id='word_1_137' title='bbox 1009 2200 1113 2261; x_wconf 77' lang='lat' dir='ltr'><strong>equitum</strong></span> <span class='ocrx_word' id='word_1_138' title='bbox 1131 2206 1158 2248; x_wconf 86' lang='lat' dir='ltr'><strong>et</strong></span> <span class='ocrx_word' id='word_1_139' title='bbox 1171 2199 1230 2248; x_wconf 89' lang='lat' dir='ltr'><strong>inde</strong></span> <span class='ocrx_word' id='word_1_140' title='bbox 1242 2199 1306 2262; x_wconf 78' lang='lat' dir='ltr'><strong>spui·</strong></span> 
     </span>
     <span class='ocr_line' id='line_1_19' title="bbox 205 2261 1304 2328; baseline -0.001 -14"><span class='ocrx_word' id='word_1_141' title='bbox 205 2267 245 2314; x_wconf 80' lang='lat' dir='ltr'><strong>tus</strong></span> <span class='ocrx_word' id='word_1_142' title='bbox 255 2261 296 2310; x_wconf 84' lang='lat' dir='ltr'><strong>rel</strong></span> <span class='ocrx_word' id='word_1_143' title='bbox 308 2262 403 2325; x_wconf 74' lang='lat' dir='ltr'><strong>equitis,</strong></span> <span class='ocrx_word' id='word_1_144' title='bbox 414 2277 473 2327; x_wconf 78' lang='lat' dir='ltr'><strong>quae</strong></span> <span class='ocrx_word' id='word_1_145' title='bbox 485 2264 684 2312; x_wconf 77' lang='lat' dir='ltr'><strong>terminationes</strong></span> <span class='ocrx_word' id='word_1_146' title='bbox 695 2277 727 2312; x_wconf 82' lang='lat' dir='ltr'><strong>ex</strong></span> <span class='ocrx_word' id='word_1_147' title='bbox 740 2265 925 2328; x_wconf 86' lang='lat' dir='ltr'><strong>compendiosa</strong></span> <span class='ocrx_word' id='word_1_148' title='bbox 942 2264 1074 2314; x_wconf 79' lang='lat' dir='ltr'><strong>scribendi</strong></span> <span class='ocrx_word' id='word_1_149' title='bbox 1092 2265 1193 2314; x_wconf 77' lang='lat' dir='ltr'><strong>ratione</strong></span> <span class='ocrx_word' id='word_1_150' title='bbox 1211 2263 1304 2313; x_wconf 78' lang='lat' dir='ltr'><strong>mitties</strong></span> 
     </span>
     <span class='ocr_line' id='line_1_20' title="bbox 206 2325 1305 2390; baseline 0.001 -14"><span class='ocrx_word' id='word_1_151' title='bbox 206 2325 408 2390; x_wconf 65' lang='lat' dir='ltr'><strong>permutantur!</strong></span> <span class='ocrx_word' id='word_1_152' title='bbox 426 2327 512 2376; x_wconf 74' lang='lat' dir='ltr'><strong>Arate.</strong></span> <span class='ocrx_word' id='word_1_153' title='bbox 546 2326 615 2376; x_wconf 88' lang='lat' dir='ltr'><strong>Vide</strong></span> <span class='ocrx_word' id='word_1_154' title='bbox 636 2329 712 2377; x_wconf 90' lang='lat' dir='ltr'><strong>Nott.</strong></span> <span class='ocrx_word' id='word_1_155' title='bbox 727 2330 853 2379; x_wconf 78' lang='lat' dir='ltr'><strong>vern-4</strong></span> <span class='ocrx_word' id='word_1_156' title='bbox 870 2329 935 2378; x_wconf 85' lang='lat' dir='ltr'><strong>cod.</strong></span> <span class='ocrx_word' id='word_1_157' title='bbox 956 2329 1041 2378; x_wconf 83' lang='lat' dir='ltr'><strong>Paris.</strong></span> <span class='ocrx_word' id='word_1_158' title='bbox 1062 2343 1119 2378; x_wconf 83' lang='lat' dir='ltr'><strong>aare</strong></span> <span class='ocrx_word' id='word_1_159' title='bbox 1139 2328 1305 2388; x_wconf 73' lang='lat' dir='ltr'><strong>adunatione,-</strong></span> 
     </span>
     <span class='ocr_line' id='line_1_21' title="bbox 207 2391 1305 2454; baseline 0.002 -14"><span class='ocrx_word' id='word_1_160' title='bbox 207 2391 310 2454; x_wconf 83' lang='lat' dir='ltr'><strong>Gryph.</strong></span> <span class='ocrx_word' id='word_1_161' title='bbox 322 2406 364 2440; x_wconf 87' lang='lat' dir='ltr'><strong>en.</strong></span> <span class='ocrx_word' id='word_1_162' title='bbox 375 2394 448 2441; x_wconf 72' lang='lat'>1⁵81.</span> <span class='ocrx_word' id='word_1_163' title='bbox 460 2406 516 2440; x_wconf 83' lang='lat' dir='ltr'><strong>uero</strong></span> <span class='ocrx_word' id='word_1_164' title='bbox 526 2393 752 2442; x_wconf 75' lang='lat' dir='ltr'><strong>declamatione-5</strong></span> <span class='ocrx_word' id='word_1_165' title='bbox 770 2394 876 2443; x_wconf 84' lang='lat' dir='ltr'><strong>Puteal.</strong></span> <span class='ocrx_word' id='word_1_166' title='bbox 889 2397 962 2442; x_wconf 82' lang='grc'><strong>1476.</strong></span> <span class='ocrx_word' id='word_1_167' title='bbox 980 2395 1075 2441; x_wconf 80' lang='lat' dir='ltr'><strong>Vener.</strong></span> <span class='ocrx_word' id='word_1_168' title='bbox 1087 2397 1160 2442; x_wconf 79' lang='grc'><strong>1198.</strong></span> <span class='ocrx_word' id='word_1_169' title='bbox 1183 2400 1211 2441; x_wconf 85' lang='lat' dir='ltr'><strong>et</strong></span> <span class='ocrx_word' id='word_1_170' title='bbox 1223 2393 1305 2442; x_wconf 87' lang='lat' dir='ltr'><strong>Bero-</strong></span> 
     </span>
     <span class='ocr_line' id='line_1_22' title="bbox 206 2454 1305 2519; baseline 0.002 -15"><span class='ocrx_word' id='word_1_171' title='bbox 206 2455 260 2504; x_wconf 79' lang='lat' dir='ltr'><strong>eid.</strong></span> <span class='ocrx_word' id='word_1_172' title='bbox 272 2471 341 2518; x_wconf 77' lang='lat' dir='ltr'><strong>quum</strong></span> <span class='ocrx_word' id='word_1_173' title='bbox 351 2456 380 2504; x_wconf 84' lang='lat' dir='ltr'><strong>ab</strong></span> <span class='ocrx_word' id='word_1_174' title='bbox 391 2456 534 2504; x_wconf 78' lang='lat' dir='ltr'><strong>humititatis</strong></span> <span class='ocrx_word' id='word_1_175' title='bbox 540 2472 550 2513; x_wconf 79' lang='lat'><strong>‚-</strong></span> <span class='ocrx_word' id='word_1_176' title='bbox 567 2457 785 2519; x_wconf 73' lang='lat' dir='ltr'><strong>Philomusquum</strong></span> <span class='ocrx_word' id='word_1_177' title='bbox 796 2459 825 2506; x_wconf 81' lang='lat' dir='ltr'><strong>ab</strong></span> <span class='ocrx_word' id='word_1_178' title='bbox 837 2459 971 2506; x_wconf 75' lang='lat' dir='ltr'><strong>humilitate</strong></span> <span class='ocrx_word' id='word_1_179' title='bbox 985 2457 1124 2513; x_wconf 65' lang='lat' dir='ltr'><strong>humiliem</strong></span> <span class='ocrx_word' id='word_1_180' title='bbox 1141 2459 1231 2506; x_wconf 82' lang='lat' dir='ltr'><strong>caten.</strong></span> <span class='ocrx_word' id='word_1_181' title='bbox 1243 2454 1305 2506; x_wconf 79' lang='lat' dir='ltr'><strong>Aid.</strong></span> 
     </span>
     <span class='ocr_line' id='line_1_23' title="bbox 201 2519 1306 2583; baseline 0.001 -15"><span class='ocrx_word' id='word_1_182' title='bbox 201 2519 314 2581; x_wconf 70' lang='lat' dir='ltr'><strong>Cuspin.</strong></span> <span class='ocrx_word' id='word_1_183' title='bbox 334 2520 425 2582; x_wconf 80' lang='lat' dir='ltr'><strong>steph.</strong></span> <span class='ocrx_word' id='word_1_184' title='bbox 442 2519 540 2583; x_wconf 85' lang='lat' dir='ltr'><strong>Gryptr.</strong></span> <span class='ocrx_word' id='word_1_185' title='bbox 564 2521 671 2568; x_wconf 81' lang='lat' dir='ltr'><strong>Arcens.</strong></span> <span class='ocrx_word' id='word_1_186' title='bbox 689 2521 808 2568; x_wconf 72' lang='lat' dir='ltr'><strong>sterant</strong></span> <span class='ocrx_word' id='word_1_187' title='bbox 823 2522 958 2578; x_wconf 59' lang='lat' dir='ltr'><strong>Bustroru„</strong></span> <span class='ocrx_word' id='word_1_188' title='bbox 971 2522 1005 2568; x_wconf 84' lang='lat' dir='ltr'><strong>at.</strong></span> <span class='ocrx_word' id='word_1_189' title='bbox 1022 2535 1091 2582; x_wconf 68' lang='lat' dir='ltr'><strong>mm</strong></span> <span class='ocrx_word' id='word_1_190' title='bbox 1106 2521 1137 2568; x_wconf 83' lang='lat' dir='ltr'><strong>ui</strong></span> <span class='ocrx_word' id='word_1_191' title='bbox 1152 2519 1306 2578; x_wconf 59' lang='lat' dir='ltr'><strong>tumidum</strong></span> 
     </span>
     <span class='ocr_line' id='line_1_24' title="bbox 206 2581 1305 2644; baseline 0.003 -13"><span class='ocrx_word' id='word_1_192' title='bbox 206 2581 282 2632; x_wconf 78' lang='lat' dir='ltr'><strong>Vati.</strong></span> <span class='ocrx_word' id='word_1_193' title='bbox 293 2584 378 2633; x_wconf 85' lang='lat' dir='ltr'><strong>Paris.</strong></span> <span class='ocrx_word' id='word_1_194' title='bbox 390 2583 483 2632; x_wconf 89' lang='lat' dir='ltr'><strong>Venet.</strong></span> <span class='ocrx_word' id='word_1_195' title='bbox 496 2581 585 2632; x_wconf 87' lang='lat' dir='ltr'><strong>Sulisb.</strong></span> <span class='ocrx_word' id='word_1_196' title='bbox 597 2583 711 2644; x_wconf 86' lang='lat' dir='ltr'><strong>Guetph.</strong></span> <span class='ocrx_word' id='word_1_197' title='bbox 724 2583 809 2634; x_wconf 80' lang='lat' dir='ltr'><strong>Lirin.</strong></span> <span class='ocrx_word' id='word_1_198' title='bbox 827 2585 1001 2633; x_wconf 81' lang='lat' dir='ltr'><strong>Schwarzien.</strong></span> <span class='ocrx_word' id='word_1_199' title='bbox 1019 2590 1046 2632; x_wconf 86' lang='lat' dir='ltr'><strong>et</strong></span> <span class='ocrx_word' id='word_1_200' title='bbox 1061 2583 1156 2631; x_wconf 80' lang='lat' dir='ltr'><strong>Pater.</strong></span> <span class='ocrx_word' id='word_1_201' title='bbox 1167 2583 1230 2630; x_wconf 88' lang='lat' dir='ltr'><strong>item</strong></span> <span class='ocrx_word' id='word_1_202' title='bbox 1243 2583 1305 2634; x_wconf 81' lang='lat' dir='ltr'><strong>edd.</strong></span> 
     </span>
     <span class='ocr_line' id='line_1_25' title="bbox 205 2645 1306 2710; baseline 0 -14"><span class='ocrx_word' id='word_1_203' title='bbox 205 2646 324 2696; x_wconf 87' lang='lat' dir='ltr'><strong>Rhenan.</strong></span> <span class='ocrx_word' id='word_1_204' title='bbox 336 2647 413 2695; x_wconf 85' lang='lat' dir='ltr'><strong>Grut.</strong></span> <span class='ocrx_word' id='word_1_205' title='bbox 422 2646 535 2696; x_wconf 82' lang='lat' dir='ltr'><strong>Putean.</strong></span> <span class='ocrx_word' id='word_1_206' title='bbox 544 2647 628 2694; x_wconf 77' lang='lat' dir='ltr'><strong>Buun.</strong></span> <span class='ocrx_word' id='word_1_207' title='bbox 637 2648 751 2696; x_wconf 83' lang='lat' dir='ltr'><strong>Paterni.</strong></span> <span class='ocrx_word' id='word_1_208' title='bbox 762 2647 889 2697; x_wconf 79' lang='lat' dir='ltr'><strong>Arntzen.</strong></span> <span class='ocrx_word' id='word_1_209' title='bbox 902 2663 973 2710; x_wconf 64' lang='lat' dir='ltr'><strong>wem</strong></span> <span class='ocrx_word' id='word_1_210' title='bbox 982 2647 1133 2696; x_wconf 71' lang='lat' dir='ltr'><strong>humititatis·</strong></span> <span class='ocrx_word' id='word_1_211' title='bbox 1147 2645 1216 2695; x_wconf 85' lang='lat' dir='ltr'><strong>Vide</strong></span> <span class='ocrx_word' id='word_1_212' title='bbox 1228 2647 1306 2698; x_wconf 82' lang='lat' dir='ltr'><strong>Nost.</strong></span> 
     </span>
     <span class='ocr_line' id='line_1_26' title="bbox 207 2711 1306 2772; baseline 0 -12"><span class='ocrx_word' id='word_1_213' title='bbox 207 2711 285 2762; x_wconf 82' lang='lat' dir='ltr'><strong>Varr.</strong></span> <span class='ocrx_word' id='word_1_214' title='bbox 318 2711 399 2759; x_wconf 79' lang='lat' dir='ltr'><strong>Pente</strong></span> <span class='ocrx_word' id='word_1_215' title='bbox 411 2718 479 2772; x_wconf 87' lang='lat' dir='ltr'><strong>post,</strong></span> <span class='ocrx_word' id='word_1_216' title='bbox 491 2723 631 2772; x_wconf 89' lang='lat' dir='ltr'><strong>pronomen</strong></span> <span class='ocrx_word' id='word_1_217' title='bbox 641 2711 691 2770; x_wconf 75' lang='lat' dir='ltr'><strong>eius</strong></span> <span class='ocrx_word' id='word_1_218' title='bbox 702 2711 778 2760; x_wconf 87' lang='lat' dir='ltr'><strong>deest</strong></span> <span class='ocrx_word' id='word_1_219' title='bbox 789 2712 816 2760; x_wconf 92' lang='lat' dir='ltr'><strong>in</strong></span> <span class='ocrx_word' id='word_1_220' title='bbox 826 2713 886 2761; x_wconf 88' lang='lat' dir='ltr'><strong>eud.</strong></span> <span class='ocrx_word' id='word_1_221' title='bbox 898 2712 1072 2761; x_wconf 82' lang='lat' dir='ltr'><strong>Schwarnisn.</strong></span> <span class='ocrx_word' id='word_1_222' title='bbox 1087 2724 1181 2759; x_wconf 75' lang='lat' dir='ltr'><strong>manum</strong></span> <span class='ocrx_word' id='word_1_223' title='bbox 1191 2723 1306 2760; x_wconf 78' lang='lat' dir='ltr'><strong>commea·</strong></span> 
     </span>
     <span class='ocr_line' id='line_1_27' title="bbox 205 2774 1306 2839; baseline 0.001 -16"><span class='ocrx_word' id='word_1_224' title='bbox 205 2775 276 2824; x_wconf 83' lang='lat' dir='ltr'><strong>dares</strong></span> <span class='ocrx_word' id='word_1_225' title='bbox 287 2774 363 2823; x_wconf 85' lang='lat' dir='ltr'><strong>codd.</strong></span> <span class='ocrx_word' id='word_1_226' title='bbox 375 2775 471 2824; x_wconf 89' lang='lat' dir='ltr'><strong>Venet.</strong></span> <span class='ocrx_word' id='word_1_227' title='bbox 479 2779 502 2822; x_wconf 77' lang='lat'><strong>2.</strong></span> <span class='ocrx_word' id='word_1_228' title='bbox 514 2774 606 2823; x_wconf 86' lang='lat' dir='ltr'><strong>Salisb.</strong></span> <span class='ocrx_word' id='word_1_229' title='bbox 618 2782 645 2822; x_wconf 88' lang='lat' dir='ltr'><strong>et</strong></span> <span class='ocrx_word' id='word_1_230' title='bbox 660 2775 831 2826; x_wconf 77' lang='lat' dir='ltr'><strong>Schwarzian.</strong></span> <span class='ocrx_word' id='word_1_231' title='bbox 849 2777 935 2839; x_wconf 75' lang='lat' dir='ltr'><strong>quippe</strong></span> <span class='ocrx_word' id='word_1_232' title='bbox 945 2791 997 2824; x_wconf 83' lang='lat' dir='ltr'><strong>cunr</strong></span> <span class='ocrx_word' id='word_1_233' title='bbox 1008 2774 1230 2836; x_wconf 79' lang='lat' dir='ltr'><strong>orationemosutis,</strong></span> <span class='ocrx_word' id='word_1_234' title='bbox 1241 2787 1306 2832; x_wconf 82' lang='lat' dir='ltr'><strong>esce,</strong></span> 
     </span>
     <span class='ocr_line' id='line_1_28' title="bbox 207 2839 1307 2902; baseline -0.002 -14"><span class='ocrx_word' id='word_1_235' title='bbox 207 2854 288 2901; x_wconf 83' lang='lat' dir='ltr'><strong>muso,</strong></span> <span class='ocrx_word' id='word_1_236' title='bbox 302 2839 476 2888; x_wconf 80' lang='lat' dir='ltr'><strong>commendares</strong></span> <span class='ocrx_word' id='word_1_237' title='bbox 488 2839 547 2886; x_wconf 80' lang='lat' dir='ltr'><strong>Vnt.</strong></span> <span class='ocrx_word' id='word_1_238' title='bbox 557 2841 582 2888; x_wconf 79' lang='grc'><strong>1.</strong></span> <span class='ocrx_word' id='word_1_239' title='bbox 594 2843 622 2888; x_wconf 89' lang='lat' dir='ltr'><strong>et</strong></span> <span class='ocrx_word' id='word_1_240' title='bbox 634 2839 748 2898; x_wconf 87' lang='lat' dir='ltr'><strong>Guetph.</strong></span> <span class='ocrx_word' id='word_1_241' title='bbox 771 2840 874 2890; x_wconf 79' lang='lat' dir='ltr'><strong>Deinde</strong></span> <span class='ocrx_word' id='word_1_242' title='bbox 886 2841 990 2902; x_wconf 89' lang='lat' dir='ltr'><strong>Lipsius</strong></span> <span class='ocrx_word' id='word_1_243' title='bbox 1002 2839 1072 2902; x_wconf 88' lang='lat' dir='ltr'><strong>conj.</strong></span> <span class='ocrx_word' id='word_1_244' title='bbox 1084 2843 1111 2887; x_wconf 77' lang='lat' dir='ltr'><strong>ut</strong></span> <span class='ocrx_word' id='word_1_245' title='bbox 1121 2839 1143 2887; x_wconf 87' lang='lat' dir='ltr'><strong>si</strong></span> <span class='ocrx_word' id='word_1_246' title='bbox 1153 2840 1215 2888; x_wconf 84' lang='lat' dir='ltr'><strong>etius</strong></span> <span class='ocrx_word' id='word_1_247' title='bbox 1226 2839 1307 2888; x_wconf 79' lang='lat' dir='ltr'><strong>sedeas</strong></span> 
     </span>
    </p>
   </div>
   <div class='ocr_carea' id='block_1_6' title="bbox 207 2902 1306 2970">
    <p class='ocr_par' dir='ltr' id='par_1_6' title="bbox 207 2902 1306 2970">
     <span class='ocr_line' id='line_1_29' title="bbox 207 2902 1306 2970; baseline 0 -18"><span class='ocrx_word' id='word_1_248' title='bbox 207 2903 257 2954; x_wconf 79' lang='lat' dir='ltr'><strong>isto</strong></span> <span class='ocrx_word' id='word_1_249' title='bbox 266 2905 417 2964; x_wconf 62' lang='lat' dir='ltr'><strong>mommsen</strong></span> <span class='ocrx_word' id='word_1_250' title='bbox 433 2902 493 2954; x_wconf 88' lang='lat' dir='ltr'><strong>cod.</strong></span> <span class='ocrx_word' id='word_1_251' title='bbox 505 2902 599 2954; x_wconf 87' lang='lat' dir='ltr'><strong>Satisb.</strong></span> <span class='ocrx_word' id='word_1_252' title='bbox 609 2904 788 2954; x_wconf 73' lang='lat' dir='ltr'><strong>statuitis-6</strong></span> <span class='ocrx_word' id='word_1_253' title='bbox 804 2907 899 2970; x_wconf 75' lang='lat' dir='ltr'><strong>Vutgg.</strong></span> <span class='ocrx_word' id='word_1_254' title='bbox 908 2912 970 2956; x_wconf 85' lang='lat' dir='ltr'><strong>ante</strong></span> <span class='ocrx_word' id='word_1_255' title='bbox 981 2905 1173 2956; x_wconf 70' lang='lat' dir='ltr'><strong>sensuimus</strong></span> <span class='ocrx_word' id='word_1_256' title='bbox 1182 2902 1306 2970; x_wconf 79' lang='lat' dir='ltr'><strong>suffraga-</strong></span> 
     </span>
    </p>
   </div>
   <div class='ocr_carea' id='block_1_7' title="bbox 702 3066 811 3120">
    <p class='ocr_par' dir='ltr' id='par_1_7' title="bbox 702 3066 811 3120">
     <span class='ocr_line' id='line_1_30' title="bbox 702 3066 811 3120; baseline -0.018 0"><span class='ocrx_word' id='word_1_257' title='bbox 702 3066 811 3120; x_wconf 70' lang='lat' dir='ltr'><strong>Nom</strong></span> 
     </span>
    </p>
   </div>
   <div class='ocr_carea' id='block_1_8' title="bbox 202 3175 1309 4314">
    <p class='ocr_par' dir='ltr' id='par_1_8' title="bbox 202 3175 1309 3702">
     <span class='ocr_line' id='line_1_31' title="bbox 241 3175 1306 3242; baseline 0 -14"><span class='ocrx_word' id='word_1_258' title='bbox 241 3177 254 3213; x_wconf 59' lang='grc' dir='ltr'><strong>ὖ</strong></span> <span class='ocrx_word' id='word_1_259' title='bbox 271 3177 346 3229; x_wconf 72' lang='lat' dir='ltr'><strong>rano</strong></span> <span class='ocrx_word' id='word_1_260' title='bbox 361 3177 448 3242; x_wconf 74' lang='lat' dir='ltr'><strong>major]</strong></span> <span class='ocrx_word' id='word_1_261' title='bbox 463 3175 632 3226; x_wconf 79' lang='lat' dir='ltr'><strong>Laudationis</strong></span> <span class='ocrx_word' id='word_1_262' title='bbox 651 3183 678 3226; x_wconf 91' lang='lat' dir='ltr'><strong>et</strong></span> <span class='ocrx_word' id='word_1_263' title='bbox 695 3191 737 3226; x_wconf 88' lang='lat' dir='ltr'><strong>se·</strong></span> <span class='ocrx_word' id='word_1_264' title='bbox 778 3177 919 3235; x_wconf 84' lang='lat' dir='ltr'><strong>candidati,</strong></span> <span class='ocrx_word' id='word_1_265' title='bbox 932 3179 1061 3228; x_wconf 84' lang='lat' dir='ltr'><strong>silentium</strong></span> <span class='ocrx_word' id='word_1_266' title='bbox 1072 3189 1219 3230; x_wconf 78' lang='lat' dir='ltr'><strong>summum:</strong></span> <span class='ocrx_word' id='word_1_267' title='bbox 1235 3177 1306 3230; x_wconf 88' lang='lat' dir='ltr'><strong>dice·</strong></span> 
     </span>
     <span class='ocr_line' id='line_1_32' title="bbox 209 3252 1307 3320; baseline 0.002 -14"><span class='ocrx_word' id='word_1_268' title='bbox 209 3257 370 3308; x_wconf 84' lang='lat' dir='ltr'><strong>clamationis</strong></span> <span class='ocrx_word' id='word_1_269' title='bbox 403 3253 523 3303; x_wconf 81' lang='lat' dir='ltr'><strong>formata.</strong></span> <span class='ocrx_word' id='word_1_270' title='bbox 571 3253 673 3302; x_wconf 85' lang='lat' dir='ltr'><strong>Seneca</strong></span> <span class='ocrx_word' id='word_1_271' title='bbox 703 3252 737 3301; x_wconf 89' lang='lat' dir='ltr'><strong>de</strong></span> <span class='ocrx_word' id='word_1_272' title='bbox 778 3253 998 3318; x_wconf 81' lang='lat' dir='ltr'><strong>butipseprose,</strong></span> <span class='ocrx_word' id='word_1_273' title='bbox 1015 3255 1094 3303; x_wconf 84' lang='lat' dir='ltr'><strong>vitam</strong></span> <span class='ocrx_word' id='word_1_274' title='bbox 1111 3254 1307 3320; x_wconf 78' lang='lat' dir='ltr'><strong>snamexptica·</strong></span> 
     </span>
     <span class='ocr_line' id='line_1_33' title="bbox 208 3328 1308 3397; baseline 0.002 -14"><span class='ocrx_word' id='word_1_275' title='bbox 208 3337 304 3397; x_wconf 84' lang='lat' dir='ltr'><strong>Tranq.</strong></span> <span class='ocrx_word' id='word_1_276' title='bbox 326 3330 432 3381; x_wconf 83' lang='lat' dir='ltr'><strong>Animi:</strong></span> <span class='ocrx_word' id='word_1_277' title='bbox 458 3328 629 3377; x_wconf 84' lang='lat' dir='ltr'><strong>‘Laudemus</strong></span> <span class='ocrx_word' id='word_1_278' title='bbox 660 3328 738 3378; x_wconf 88' lang='lat' dir='ltr'><strong>toties</strong></span> <span class='ocrx_word' id='word_1_279' title='bbox 778 3330 834 3393; x_wconf 86' lang='lat' dir='ltr'><strong>bat,</strong></span> <span class='ocrx_word' id='word_1_280' title='bbox 846 3337 927 3379; x_wconf 86' lang='lat' dir='ltr'><strong>testes</strong></span> <span class='ocrx_word' id='word_1_281' title='bbox 944 3339 971 3380; x_wconf 83' lang='lat' dir='ltr'><strong>et</strong></span> <span class='ocrx_word' id='word_1_282' title='bbox 988 3331 1137 3380; x_wconf 87' lang='lat' dir='ltr'><strong>laudatores</strong></span> <span class='ocrx_word' id='word_1_283' title='bbox 1154 3331 1308 3384; x_wconf 78' lang='lat' dir='ltr'><strong>dabat...-</strong></span> 
     </span>
     <span class='ocr_line' id='line_1_34' title="bbox 211 3401 1307 3474; baseline 0 -14"><span class='ocrx_word' id='word_1_284' title='bbox 211 3411 317 3474; x_wconf 73' lang='lat' dir='ltr'><strong>dignuin</strong></span> <span class='ocrx_word' id='word_1_285' title='bbox 329 3405 456 3466; x_wconf 86' lang='lat' dir='ltr'><strong>laudibus,</strong></span> <span class='ocrx_word' id='word_1_286' title='bbox 468 3410 496 3452; x_wconf 87' lang='lat' dir='ltr'><strong>et</strong></span> <span class='ocrx_word' id='word_1_287' title='bbox 507 3404 636 3454; x_wconf 82' lang='lat' dir='ltr'><strong>dicamus:</strong></span> <span class='ocrx_word' id='word_1_288' title='bbox 651 3405 738 3453; x_wconf 82' lang='lat' dir='ltr'><strong>Tanto</strong></span> <span class='ocrx_word' id='word_1_289' title='bbox 778 3405 892 3456; x_wconf 77' lang='lat' dir='ltr'><strong>addebat</strong></span> <span class='ocrx_word' id='word_1_290' title='bbox 905 3405 1027 3468; x_wconf 79' lang='lat' dir='ltr'><strong>orrosdarn</strong></span> <span class='ocrx_word' id='word_1_291' title='bbox 1038 3421 1070 3456; x_wconf 82' lang='lat' dir='ltr'><strong>ex</strong></span> <span class='ocrx_word' id='word_1_292' title='bbox 1081 3401 1307 3472; x_wconf 76' lang='lat' dir='ltr'><strong>suffragatoribus.</strong></span> 
     </span>
     <span class='ocr_line' id='line_1_35' title="bbox 209 3479 1306 3550; baseline -0.003 -13"><span class='ocrx_word' id='word_1_293' title='bbox 209 3489 310 3541; x_wconf 78' lang='lat' dir='ltr'><strong>fortior,</strong></span> <span class='ocrx_word' id='word_1_294' title='bbox 334 3489 408 3532; x_wconf 88' lang='lat' dir='ltr'><strong>tanto</strong></span> <span class='ocrx_word' id='word_1_295' title='bbox 430 3479 546 3530; x_wconf 86' lang='lat' dir='ltr'><strong>felicior.&#39;</strong></span> <span class='ocrx_word' id='word_1_296' title='bbox 591 3480 665 3528; x_wconf 91' lang='lat' dir='ltr'><strong>ldern</strong></span> <span class='ocrx_word' id='word_1_297' title='bbox 687 3481 738 3542; x_wconf 88' lang='lat' dir='ltr'><strong>Ep.</strong></span> <span class='ocrx_word' id='word_1_298' title='bbox 778 3481 821 3531; x_wconf 88' lang='lat' dir='ltr'><strong>liti</strong></span> <span class='ocrx_word' id='word_1_299' title='bbox 841 3483 955 3545; x_wconf 76' lang='lat' dir='ltr'><strong>graviter</strong></span> <span class='ocrx_word' id='word_1_300' title='bbox 974 3491 1002 3531; x_wconf 86' lang='lat' dir='ltr'><strong>et</strong></span> <span class='ocrx_word' id='word_1_301' title='bbox 1020 3484 1109 3546; x_wconf 85' lang='lat' dir='ltr'><strong>paucis</strong></span> <span class='ocrx_word' id='word_1_302' title='bbox 1125 3484 1306 3550; x_wconf 83' lang='lat' dir='ltr'><strong>loquebantur.</strong></span> 
     </span>
     <span class='ocr_line' id='line_1_36' title="bbox 202 3557 1309 3626; baseline -0.002 -13"><span class='ocrx_word' id='word_1_303' title='bbox 202 3557 738 3620; x_wconf 63' lang='lat' dir='ltr'><strong>&#39;vim‘Multoerudiremavuittsnteme·</strong></span> <span class='ocrx_word' id='word_1_304' title='bbox 779 3559 843 3607; x_wconf 87' lang='lat' dir='ltr'><strong>Ptns</strong></span> <span class='ocrx_word' id='word_1_305' title='bbox 864 3557 921 3614; x_wconf 83' lang='lat' dir='ltr'><strong>hoc.</strong></span> <span class='ocrx_word' id='word_1_306' title='bbox 944 3571 1020 3622; x_wconf 83' lang='lat' dir='ltr'><strong>quarn</strong></span> <span class='ocrx_word' id='word_1_307' title='bbox 1048 3573 1138 3623; x_wconf 80' lang='lat' dir='ltr'><strong>preces</strong></span> <span class='ocrx_word' id='word_1_308' title='bbox 1165 3562 1309 3626; x_wconf 83' lang='lat' dir='ltr'><strong>proderet.&#39;</strong></span> 
     </span>
     <span class='ocr_line' id='line_1_37' title="bbox 209 3633 1307 3702; baseline -0.003 -14"><span class='ocrx_word' id='word_1_309' title='bbox 209 3639 270 3701; x_wconf 88' lang='lat' dir='ltr'><strong>lior,</strong></span> <span class='ocrx_word' id='word_1_310' title='bbox 281 3651 356 3702; x_wconf 88' lang='lat' dir='ltr'><strong>quam</strong></span> <span class='ocrx_word' id='word_1_311' title='bbox 369 3633 487 3684; x_wconf 71' lang='lat' dir='ltr'><strong>feticius!</strong></span> <span class='ocrx_word' id='word_1_312' title='bbox 778 3634 871 3698; x_wconf 87' lang='lat' dir='ltr'><strong>Itaque</strong></span> <span class='ocrx_word' id='word_1_313' title='bbox 882 3649 971 3683; x_wconf 90' lang='lat' dir='ltr'><strong>sensus</strong></span> <span class='ocrx_word' id='word_1_314' title='bbox 983 3649 1038 3684; x_wconf 87' lang='lat' dir='ltr'><strong>esse</strong></span> <span class='ocrx_word' id='word_1_315' title='bbox 1054 3637 1170 3699; x_wconf 82' lang='lat' dir='ltr'><strong>peterit:</strong></span> <span class='ocrx_word' id='word_1_316' title='bbox 1188 3637 1241 3688; x_wconf 88' lang='lat' dir='ltr'><strong>Ubi</strong></span> <span class='ocrx_word' id='word_1_317' title='bbox 1260 3647 1307 3700; x_wconf 82' lang='lat' dir='ltr'><strong>ap·-</strong></span> 
     </span>
    </p>

    <p class='ocr_par' dir='ltr' id='par_1_9' title="bbox 205 3707 1308 4314">
     <span class='ocr_line' id='line_1_38' title="bbox 243 3707 1307 3775; baseline -0.001 -13"><span class='ocrx_word' id='word_1_318' title='bbox 243 3721 254 3746; x_wconf 73' lang='lat'><em>‘</em></span> <span class='ocrx_word' id='word_1_319' title='bbox 275 3715 310 3762; x_wconf 81' lang='lat' dir='ltr'><strong>Ut</strong></span> <span class='ocrx_word' id='word_1_320' title='bbox 327 3713 350 3760; x_wconf 81' lang='lat' dir='ltr'><strong>ai</strong></span> <span class='ocrx_word' id='word_1_321' title='bbox 367 3709 422 3771; x_wconf 80' lang='lat' dir='ltr'><strong>ulii]</strong></span> <span class='ocrx_word' id='word_1_322' title='bbox 439 3709 470 3758; x_wconf 89' lang='lat' dir='ltr'><strong>Id</strong></span> <span class='ocrx_word' id='word_1_323' title='bbox 491 3715 540 3771; x_wconf 86' lang='lat' dir='ltr'><strong>est,</strong></span> <span class='ocrx_word' id='word_1_324' title='bbox 552 3715 673 3774; x_wconf 86' lang='lat' dir='ltr'><strong>tanquam</strong></span> <span class='ocrx_word' id='word_1_325' title='bbox 686 3707 738 3772; x_wconf 83' lang='lat' dir='ltr'><strong>pri·</strong></span> <span class='ocrx_word' id='word_1_326' title='bbox 779 3710 943 3772; x_wconf 81' lang='lat' dir='ltr'><strong>pellabantur</strong></span> <span class='ocrx_word' id='word_1_327' title='bbox 953 3716 981 3757; x_wconf 86' lang='lat' dir='ltr'><strong>et</strong></span> <span class='ocrx_word' id='word_1_328' title='bbox 997 3724 1054 3758; x_wconf 90' lang='lat' dir='ltr'><strong>eum</strong></span> <span class='ocrx_word' id='word_1_329' title='bbox 1065 3711 1166 3760; x_wconf 86' lang='lat' dir='ltr'><strong>honoris</strong></span> <span class='ocrx_word' id='word_1_330' title='bbox 1178 3711 1307 3775; x_wconf 79' lang='lat' dir='ltr'><strong>significa·</strong></span> 
     </span>
     <span class='ocr_line' id='line_1_39' title="bbox 210 3783 1308 3852; baseline -0.001 -13"><span class='ocrx_word' id='word_1_331' title='bbox 210 3797 271 3841; x_wconf 82' lang='lat' dir='ltr'><strong>vato</strong></span> <span class='ocrx_word' id='word_1_332' title='bbox 283 3789 365 3838; x_wconf 80' lang='lat' dir='ltr'><strong>cnivis</strong></span> <span class='ocrx_word' id='word_1_333' title='bbox 383 3785 451 3835; x_wconf 89' lang='lat' dir='ltr'><strong>istud</strong></span> <span class='ocrx_word' id='word_1_334' title='bbox 472 3785 650 3846; x_wconf 84' lang='lat' dir='ltr'><strong>praecepisses.</strong></span> <span class='ocrx_word' id='word_1_335' title='bbox 682 3785 740 3833; x_wconf 90' lang='lat' dir='ltr'><strong>Me·</strong></span> <span class='ocrx_word' id='word_1_336' title='bbox 781 3785 851 3832; x_wconf 90' lang='lat' dir='ltr'><strong>tione</strong></span> <span class='ocrx_word' id='word_1_337' title='bbox 870 3783 1070 3846; x_wconf 80' lang='lat' dir='ltr'><strong>excipiebantur</strong></span> <span class='ocrx_word' id='word_1_338' title='bbox 1087 3785 1192 3836; x_wconf 83' lang='lat' dir='ltr'><strong>nomina</strong></span> <span class='ocrx_word' id='word_1_339' title='bbox 1208 3801 1308 3852; x_wconf 85' lang='lat' dir='ltr'><strong>eorum,</strong></span> 
     </span>
     <span class='ocr_line' id='line_1_40' title="bbox 211 3853 1306 3926; baseline -0.002 -13"><span class='ocrx_word' id='word_1_340' title='bbox 211 3866 262 3915; x_wconf 88' lang='lat' dir='ltr'><strong>lius</strong></span> <span class='ocrx_word' id='word_1_341' title='bbox 272 3863 418 3926; x_wconf 85' lang='lat' dir='ltr'><strong>Lipsius,ut</strong></span> <span class='ocrx_word' id='word_1_342' title='bbox 428 3859 450 3908; x_wconf 84' lang='lat' dir='ltr'><strong>si</strong></span> <span class='ocrx_word' id='word_1_343' title='bbox 460 3859 521 3907; x_wconf 86' lang='lat' dir='ltr'><strong>atius</strong></span> <span class='ocrx_word' id='word_1_344' title='bbox 530 3860 609 3907; x_wconf 82' lang='lat' dir='ltr'><strong>eudem</strong></span> <span class='ocrx_word' id='word_1_345' title='bbox 616 3859 739 3908; x_wconf 79' lang='lat' dir='ltr'><strong>istamco-</strong></span> <span class='ocrx_word' id='word_1_346' title='bbox 779 3873 886 3924; x_wconf 84' lang='lat' dir='ltr'><strong>qnorum</strong></span> <span class='ocrx_word' id='word_1_347' title='bbox 899 3859 1046 3908; x_wconf 80' lang='lat' dir='ltr'><strong>testimonio</strong></span> <span class='ocrx_word' id='word_1_348' title='bbox 1058 3873 1089 3910; x_wconf 89' lang='lat' dir='ltr'><strong>ac</strong></span> <span class='ocrx_word' id='word_1_349' title='bbox 1103 3853 1232 3926; x_wconf 82' lang='lat' dir='ltr'><strong>suffragiis</strong></span> <span class='ocrx_word' id='word_1_350' title='bbox 1246 3863 1306 3912; x_wconf 80' lang='lat' dir='ltr'><strong>cin·</strong></span> 
     </span>
     <span class='ocr_line' id='line_1_41' title="bbox 209 3935 1306 4001; baseline 0 -11"><span class='ocrx_word' id='word_1_351' title='bbox 209 3943 307 3996; x_wconf 69' lang='lat' dir='ltr'><strong>demetr</strong></span> <span class='ocrx_word' id='word_1_352' title='bbox 323 3935 617 4001; x_wconf 83' lang='lat' dir='ltr'><strong>sedquaauctoritute?</strong></span> <span class='ocrx_word' id='word_1_353' title='bbox 693 3936 697 3940; x_wconf 83' lang='grc'><em>“</em></span> <span class='ocrx_word' id='word_1_354' title='bbox 780 3935 863 3985; x_wconf 84' lang='lat' dir='ltr'><strong>didati</strong></span> <span class='ocrx_word' id='word_1_355' title='bbox 890 3935 985 3996; x_wconf 69' lang='lat' dir='ltr'><strong>singuli</strong></span> <span class='ocrx_word' id='word_1_356' title='bbox 1012 3938 1165 3994; x_wconf 84' lang='lat' dir='ltr'><strong>niterentur.</strong></span> <span class='ocrx_word' id='word_1_357' title='bbox 1194 3945 1232 3998; x_wconf 90' lang='lat' dir='ltr'><strong>tu,</strong></span> <span class='ocrx_word' id='word_1_358' title='bbox 1257 3941 1306 3990; x_wconf 66' lang='lat' dir='ltr'><strong>&amp;ci</strong></span> 
     </span>
     <span class='ocr_line' id='line_1_42' title="bbox 205 4010 1307 4080; baseline 0 -17"><span class='ocrx_word' id='word_1_359' title='bbox 205 4073 206 4080; x_wconf 9' lang='grc' dir='ltr'>ἵ</span> <span class='ocrx_word' id='word_1_360' title='bbox 243 4014 440 4079; x_wconf 75' lang='lat' dir='ltr'><strong>‘Suffragatores</strong></span> <span class='ocrx_word' id='word_1_361' title='bbox 449 4011 628 4060; x_wconf 78' lang='lat' dir='ltr'><strong>candidatorum</strong></span> <span class='ocrx_word' id='word_1_362' title='bbox 638 4011 739 4076; x_wconf 57' lang='lat' dir='ltr'><strong>[suffles</strong></span> <span class='ocrx_word' id='word_1_363' title='bbox 779 4010 855 4061; x_wconf 76' lang='lat' dir='ltr'><strong>erras</strong></span> <span class='ocrx_word' id='word_1_364' title='bbox 866 4025 930 4060; x_wconf 84' lang='lat' dir='ltr'><strong>rere</strong></span> <span class='ocrx_word' id='word_1_365' title='bbox 940 4025 1031 4060; x_wconf 89' lang='lat' dir='ltr'><strong>sensns</strong></span> <span class='ocrx_word' id='word_1_366' title='bbox 1042 4011 1101 4073; x_wconf 81' lang='lat' dir='ltr'><strong>erit,</strong></span> <span class='ocrx_word' id='word_1_367' title='bbox 1114 4020 1192 4076; x_wconf 86' lang='lat' dir='ltr'><strong>atque</strong></span> <span class='ocrx_word' id='word_1_368' title='bbox 1202 4014 1307 4079; x_wconf 83' lang='lat' dir='ltr'><strong>clarior,</strong></span> 
     </span>
     <span class='ocr_line' id='line_1_43' title="bbox 209 4079 1306 4158; baseline -0.005 -16"><span class='ocrx_word' id='word_1_369' title='bbox 209 4079 333 4158; x_wconf 69' lang='lat' dir='ltr'><strong>potorum]</strong></span> <span class='ocrx_word' id='word_1_370' title='bbox 354 4089 461 4152; x_wconf 82' lang='lat' dir='ltr'><strong>nomino]</strong></span> <span class='ocrx_word' id='word_1_371' title='bbox 486 4089 556 4138; x_wconf 79' lang='lat' dir='ltr'><strong>Huic</strong></span> <span class='ocrx_word' id='word_1_372' title='bbox 578 4090 634 4139; x_wconf 87' lang='lat' dir='ltr'><strong>ioco</strong></span> <span class='ocrx_word' id='word_1_373' title='bbox 654 4091 739 4140; x_wconf 86' lang='lat' dir='ltr'><strong>tneem</strong></span> <span class='ocrx_word' id='word_1_374' title='bbox 779 4089 800 4137; x_wconf 91' lang='lat' dir='ltr'><strong>si</strong></span> <span class='ocrx_word' id='word_1_375' title='bbox 812 4101 870 4137; x_wconf 86' lang='lat' dir='ltr'><strong>curn</strong></span> <span class='ocrx_word' id='word_1_376' title='bbox 882 4087 1089 4150; x_wconf 77' lang='lat' dir='ltr'><strong>Lipsielegetnr,</strong></span> <span class='ocrx_word' id='word_1_377' title='bbox 1108 4087 1169 4136; x_wconf 83' lang='lat' dir='ltr'><strong>Cum</strong></span> <span class='ocrx_word' id='word_1_378' title='bbox 1186 4087 1306 4153; x_wconf 75' lang='lat' dir='ltr'><strong>suffrage-</strong></span> 
     </span>
     <span class='ocr_line' id='line_1_44' title="bbox 205 4161 1307 4230; baseline -0.012 -9"><span class='ocrx_word' id='word_1_379' title='bbox 205 4170 306 4221; x_wconf 83' lang='lat' dir='ltr'><strong>&#39;afferet</strong></span> <span class='ocrx_word' id='word_1_380' title='bbox 312 4167 472 4218; x_wconf 81' lang='lat' dir='ltr'><strong>comitiorum</strong></span> <span class='ocrx_word' id='word_1_381' title='bbox 483 4165 547 4214; x_wconf 86' lang='lat' dir='ltr'><strong>ratio</strong></span> <span class='ocrx_word' id='word_1_382' title='bbox 555 4179 632 4228; x_wconf 85' lang='lat' dir='ltr'><strong>quern</strong></span> <span class='ocrx_word' id='word_1_383' title='bbox 644 4165 739 4214; x_wconf 75' lang='lat' dir='ltr'><strong>Plinius</strong></span> <span class='ocrx_word' id='word_1_384' title='bbox 779 4163 958 4221; x_wconf 67' lang='lat' dir='ltr'><strong>inessemus,</strong></span> <span class='ocrx_word' id='word_1_385' title='bbox 969 4161 1056 4210; x_wconf 76' lang='lat' dir='ltr'><strong>honore</strong></span> <span class='ocrx_word' id='word_1_386' title='bbox 1066 4177 1110 4228; x_wconf 75' lang='lat' dir='ltr'><strong>quo</strong></span> <span class='ocrx_word' id='word_1_387' title='bbox 1119 4163 1204 4230; x_wconf 72' lang='lat' dir='ltr'><strong>must,</strong></span> <span class='ocrx_word' id='word_1_388' title='bbox 1213 4165 1307 4230; x_wconf 62' lang='lat' dir='ltr'><strong>mipe-</strong></span> 
     </span>
     <span class='ocr_line' id='line_1_45' title="bbox 210 4238 1049 4314; baseline -0.012 -16"><span class='ocrx_word' id='word_1_389' title='bbox 210 4239 740 4314; x_wconf 76' lang='lat' dir='ltr'><strong>explicatEpist.111.2⁰.‘citatenomiue</strong></span> <span class='ocrx_word' id='word_1_390' title='bbox 779 4244 847 4290; x_wconf 81' lang='lat' dir='ltr'><strong>rest.-</strong></span> <span class='ocrx_word' id='word_1_391' title='bbox 864 4238 1049 4302; x_wconf 66' lang='lat' dir='ltr'><strong>tequemio.</strong></span> 
     </span>
    </p>
   </div>
   <div class='ocr_carea' id='block_1_9' title="bbox 0 0 1551 4848">
    <p class='ocr_par' dir='ltr' id='par_1_10' title="bbox 0 0 1551 4848">
     <span class='ocr_line' id='line_1_46' title="bbox 0 0 1551 4848; baseline 0 0"><span class='ocrx_word' id='word_1_392' title='bbox 0 0 1551 4848; x_wconf 95' lang='lat' dir='ltr'><strong> </strong></span> 
     </span>
    </p>
   </div>
  </div>
 </body>
</html>
