3088 4848
523 367 805 422 snunornrous.
848 367 874 420 r.
896 352 949 416 67.
1221 352 1286 418 806

189 518 261 588 tine
275 515 434 580 servitute
445 529 502 584 ere
513 529 714 585 reseremus,
723 509 961 593 irsenotemque
971 513 1023 574 tot
1033 509 1128 576 molis
1139 510 1287 590 lingnam¹

188 617 401 686 resolvimus.
445 614 478 678 6.
500 612 565 678 Vis
591 614 679 678 euim
701 613 788 678 tales
817 631 893 678 esse
924 629 999 687 uos,
1025 610 1143 692 quales
1163 612 1287 694 jubest

188 720 340 800 nihilque
356 714 644 785 exhortationibus
661 713 730 778 tuis
741 712 916 791 sonetum,t
929 712 1010 776 nihil
1025 709 1219 788 subdolum,
1230 713 1286 776 de·

190 821 292 902 nique
307 815 396 893 ethic,
412 816 501 898 quod
517 815 701 882 credentem
719 815 838 879 tallere
853 822 958 898 paret,
972 832 1040 878 nou
1054 814 1127 880 siue.
1142 813 1289 895 periculo

190 921 355 988 salientis.
399 918 520 1001 Neque
534 918 623 987 enim
635 937 780 1001 unquam
796 917 958 1001 deeeptus
973 923 1028 982 est
1039 915 1209 998 princeps,
1224 909 1289 978 nisi

193 1024 251 1106 qui
266 1023 359 1105 prius
373 1020 448 1103 ipse
464 1019 610 1102 decepit.
1032 1075 1035 1086 .

235 1122 326 1186 Gor.
342 1137 467 1184 uxvn.
503 1120 538 1183 1.
555 1119 721 1203 Equidem
734 1118 822 1184 huno
835 1118 983 1202 parentis
999 1116 1128 1203 publici
1143 1134 1289 1194 sensum,

192 1242 270 1290 eum
284 1243 321 1296 er
335 1220 496 1284 oratioue·
511 1220 597 1304 ejus,
608 1225 675 1284 tum
692 1220 960 1303 pronuntiatione
975 1220 1061 1302 ipso,
1076 1218 1291 1301 perspexisse

192 1324 319 1388 videor.
364 1321 454 1400 Quee
471 1322 561 1388 euim
584 1321 643 1386 iile
667 1321 816 1402 gravitas
839 1318 1101 1386 sententiarum?
1124 1336 1225 1402 quem
1241 1317 1291 1380 iu·
1338 1395 1339 1400 ἵ

192 1424 350 1490 affectate
363 1423 491 1488 veritos
508 1423 706 1488 verborumt
722 1439 800 1505 queo
815 1421 1020 1486 asseveratio
1040 1419 1198 1484 invocet
1214 1438 1292 1502 queo

193 1525 369 1590 affirmatio
392 1526 427 1588 io
443 1524 563 1588 vultui
587 1511 711 1606 queote
736 1523 771 1586 in
799 1523 919 1599 oeulis,
939 1519 1068 1598 habitu,
1087 1527 1194 1603 gestu,
1218 1526 1292 1584 toto

192 1624 338 1706 denique
362 1644 516 1707 corpore,
539 1624 647 1688 fidest
699 1625 732 1687 2.
759 1622 902 1686 Tenebit
927 1621 1029 1706 ergob
1050 1641 1193 1704 semper,
1216 1619 1295 1705 quid

194 1725 361 1802 suaserit3
383 1727 547 1806 soietque‚
570 1743 646 1803 uos,
673 1725 809 1806 quoties
834 1724 1033 1802 libertatem,
1063 1743 1163 1807 quam
1189 1722 1293 1802 dedit,

192 1827 414 1909 experiemur,
430 1826 494 1889 sibi
508 1835 640 1908 perere.
681 1825 714 1889 3.
730 1824 805 1888 Neo
818 1825 997 1889 verendum
1013 1829 1074 1901 est,
1084 1843 1127 1888 ue
1140 1817 1294 1903 incautos

193 1934 305 2014 putet,
322 1927 352 1992 si
368 1927 530 1992 fidelitate
545 1932 731 2009 temporum
746 1929 935 1991 constanter
955 1930 1109 2004 utamur:
1123 1944 1211 2009 quos
1224 1944 1293 1988 me·

225 2080 235 2106 ⁶
253 2071 284 2121 Si
294 2071 438 2136 confidenter
448 2075 578 2135 temporum
589 2071 699 2120 libertate
708 2070 805 2120 utimur.
914 2123 917 2129 .

654 2195 836 2218 ‘novumn

195 2261 309 2326 Guelph.
322 2269 349 2312 et
359 2263 469 2314 vso-6
487 2262 610 2314 Heinsius
622 2265 887 2328 contemnerentur
900 2265 1014 2316 erotem
1023 2279 1076 2328 ore,
1090 2277 1189 2330 nosque
1205 2263 1296 2314 remit·

194 2328 229 2376 tit
240 2328 272 2375 ad
285 2328 358 2391 virg.
371 2328 467 2390 Georg.
479 2343 520 2378 1v.
531 2333 637 2379 etth-o
654 2331 766 2380 Gesner.
777 2330 838 2382 orto
847 2329 1082 2393 metuerentque,
1093 2331 1154 2392 qood
1164 2331 1297 2381 orrares

187 2391 276 2450 sutterr
291 2397 378 2454 φανείς
395 2395 481 2456 vutgg.
502 2393 562 2442 oittit
577 2393 709 2460 moron,
726 2394 824 2457 emique
842 2397 912 2458 quod,
923 2397 964 2457 tro.
981 2396 1053 2445 Vrtt.
1065 2394 1178 2458 Goetptr.
1189 2399 1218 2443 et
1228 2395 1296 2446 Exc-

197 2455 272 2504 Voss.
283 2457 381 2506 habeut
391 2459 489 2519 dentque
500 2456 572 2519 nteit,
581 2461 622 2518 tre.

229 2519 299 2570 ess.
313 2533 401 2570 uxvrr.
426 2525 440 2569 1
453 2521 549 2582 Vutgg.
567 2534 620 2568 curo
631 2519 795 2570 exhortatione
806 2519 874 2581 rium
891 2519 995 2582 Lipsior
1007 2519 1077 2582 oeoj.
1087 2535 1141 2570 erm
1150 2534 1183 2568 ror
1192 2519 1298 2569 orotiem

194 2581 256 2642 eius,
272 2589 300 2632 et
316 2585 353 2632 sic
371 2583 467 2645 iegitur
483 2585 509 2631 in
527 2583 617 2631 codice
635 2584 806 2632 Schwarrisu.
839 2583 906 2632 Vide
917 2583 995 2634 Nott.
1007 2584 1084 2632 Vsrr.
1117 2584 1192 2646 Mox,
1208 2597 1299 2647 prono·

194 2661 255 2695 roeo
272 2647 325 2708 ipen
342 2646 417 2695 deest
433 2647 460 2694 io
478 2645 537 2694 edd.
554 2646 658 2696 Puteot.
669 2647 791 2695 Berortd.
803 2647 896 2696 Coton.
913 2647 986 2696 Juot.
1002 2645 1065 2697 Are.
1082 2647 1198 2696 Rhesso.
1211 2646 1299 2697 Philo·

194 2725 261 2760 mus·
279 2709 403 2758 Crotond.
420 2709 667 2758 Aseeus.sn.15³t.
700 2706 768 2761 Nar.
785 2717 813 2759 et
831 2710 914 2760 Livio.
930 2710 992 2758 iliud
1006 2718 1092 2759 tumeo
1104 2711 1199 2774 primos
1215 2708 1299 2760 edidit

196 2775 304 2836 Cuspio.
320 2787 394 2838 quem
407 2774 441 2822 R.
452 2773 544 2834 steph.
555 2773 651 2836 aliique
665 2781 726 2822 suot
740 2775 831 2823 secuti.
865 2774 918 2822 Pro
932 2775 1091 2836 perspexisse,
1108 2774 1184 2824 codd.
1201 2774 1299 2825 habeut

195 2839 336 2900 respexisse.
369 2837 444 2893 Mox,
455 2837 558 2902 quidum
570 2836 649 2885 codd.
665 2851 735 2898 quom
753 2835 894 2900 troffioteto
912 2838 1002 2886 veritur
1018 2837 1141 2887 sertorum
1157 2852 1298 2902 rerrmqrrrr

198 2901 277 2951 codd.
296 2901 407 2952 Venett.
428 2905 452 2950 1.
471 2905 495 2950 2.
518 2913 565 2964 pro
581 2900 713 2958 verborum,
736 2902 833 2951 tabem
855 2899 924 2950 serto
946 2915 1087 2965 remmom
1112 2903 1186 2953 Vott.
1203 2903 1298 2953 Sotisb.

198 2965 310 3030 Gnetpii.
318 2972 346 3014 et
354 2965 525 3016 schoerten.
536 2965 625 3015 ueritus
635 2965 757 3014 sertorum
768 2980 891 3027 rerumque
901 2967 1031 3016 nummio
1039 2967 1066 3015 iu
1075 2973 1188 3018 rore—2
1199 2968 1298 3031 Vutgg.

197 3032 259 3092 quoe
276 3031 394 3087 suaserim
411 3031 508 3080 Venet.
527 3034 551 3078 1.
569 3030 664 3081 Satist).
682 3031 776 3078 Pater.
788 3038 816 3080 et
828 3031 998 3078 Schwrrzioo.
1020 3031 1209 3092 quidsenseritr
1224 3033 1299 3082 Vrtt.

199 3093 313 3157 Goeiptr.
332 3101 360 3144 et
379 3094 412 3143 at.
428 3094 710 3157 permittereris-s
727 3094 837 3142 Behrius
849 3093 918 3154 oooJ.
930 3093 1050 3152 felicitate
1060 3101 1197 3158 temporem.
1211 3131 1214 3138 .
1230 3096 1299 3144 ΕΜ.

199 3159 304 3210 Puteot.
326 3157 447 3210 Bermld.
468 3157 577 3221 Cuspio.
595 3157 657 3208 Διά.
675 3158 794 3208 Rheuau.
815 3157 958 3208 Philomus.
978 3166 1007 3208 et
1023 3158 1096 3210 Juut.
1121 3173 1178 3222 quor
1195 3159 1301 3208 memini·

685 3286 793 3338 NOTAE

198 3367 291 3423 lemur,
319 3367 379 3416 trine
406 3365 517 3429 fretum,
538 3371 568 3416 ut
594 3366 731 3418 ‘dextrum
770 3366 1050 3430 umndhibereeoleot‚
1066 3372 1096 3416 ut
1111 3365 1300 3421 formoerelvi·

200 3441 264 3492 dure
276 3441 371 3492 oiioni'
392 3441 539 3494 diotnmrit
555 3457 603 3510 pro
619 3445 732 3510 eoquod
771 3444 836 3494 tium
856 3444 1003 3508 emendent,
1021 3443 1064 3493 vet
1083 3444 1301 3508 pulchritudinem

201 3523 252 3580 est,
272 3519 393 3568 auxilium
410 3519 486 3571 alicui
504 3529 640 3585 proestare.
673 3522 731 3573 AEo.
773 3526 895 3585 augeant.
928 3519 1043 3584 Hio'per
1054 3521 1246 3572 translationem
1259 3537 1301 3572 ru·

201 3607 241 3644 vr.
253 3598 309 3643 ³70.
321 3595 381 3646 ‘De
392 3595 510 3648 dextram
519 3596 631 3648 misero!
647 3597 732 3648 Sumi·
772 3601 851 3650 mitur
861 3599 988 3663 quomodo
999 3601 1007 3626 ‘
1018 3598 1199 3649 iucrrmt'ooere
1209 3599 1301 3650 ulioui'

149 3703 151 3711 .
201 3669 498 3734 turetiempro‘fide.'
531 3672 733 3738 NumePompi·
773 3675 1172 3739 dicitur,quietiquemdeoipit.
1222 3699 1224 3706 ·
1265 3705 1269 3720 .

201 3745 251 3794 lios
264 3746 382 3796 dextram
394 3747 456 3797 fidei
468 3750 637 3800 consecravit.
656 3751 734 3802 Unde
805 3757 817 3784 ⁸
834 3751 876 3798 Ee
887 3748 1187 3812 oeconomorum]
1211 3747 1302 3806 Potius

137 3867 142 3876 ,
202 3827 230 3870 et
242 3830 362 3884 porrecta
374 3822 468 3871 dextra
478 3824 578 3888 antiqui
587 3825 733 3874 seinvicem
774 3839 805 3875 rx
825 3826 939 3890 erutione,
960 3833 989 3876 ut
1005 3825 1137 3888 ingeniose
1155 3825 1302 3890 suspicetur

202 3895 423 3957 consalutatum
450 3898 528 3963 idque
556 3899 634 3950 etism
656 3899 734 3952 hodie
775 3899 889 3963 Lipsius.

203 3968 274 4042 opud
292 3985 338 4019 uos
355 3971 381 4019 in
397 3987 444 4022 neu
461 3981 511 4023 est.
545 3973 598 4024 Per
614 3975 734 4025 dextram
806 3974 1013 4040 brenehirergo]
1035 3977 1143 4041 Semper
1154 3975 1303 4039 igitoroffi·

203 4045 266 4095 fidei
279 4046 395 4096 obsidem
405 4047 539 4112 jurabant.
775 4048 837 4114 ciet,
849 4057 887 4116 ut,
899 4051 1114 4118 quemadmodum
1126 4051 1207 4108 suasit
1216 4051 1303 4116 uobis,

237 4122 246 4155 ²
264 4122 393 4188 Furorum]
412 4123 616 4176 Dissimototunr.
649 4126 735 4176 Furor
774 4141 898 4182 concesse
912 4129 985 4182 etati
997 4135 1095 4182 oostrae
1111 4129 1302 4186 libertatemr·

207 4199 310 4264 proprie
329 4199 489 4264 pigmentum
506 4206 557 4268 est¹
573 4199 734 4266 quodfoemi·
773 4215 840 4255 mur.
