3022 4852
355 389 406 438 DE
429 387 552 438 aarum
577 385 824 446 PANEGYRIGO
852 387 1092 436 DlSl'lJ'l'A'l'lO.
1228 370 1269 436 13

170 531 423 607 recensendam,
437 497 534 612 rogat
552 531 707 604 amicum,
722 537 759 592 ut
773 548 840 592 uon
853 531 964 593 minas
978 530 1180 596 universitati
1196 533 1226 615 ej
1232 553 1270 595 us

45 703 50 712 ,
171 632 336 709 attendat,
351 652 451 715 quam
475 632 662 715 particulas
677 630 827 710 singulas
843 629 923 694 lima
939 638 1166 714 persequatur.
1209 633 1272 698 At·

54 745 56 749 “
170 755 237 818 que
251 733 311 798 illa
325 733 542 797 examinandi
557 752 637 796 cura
652 738 686 796 et
700 733 871 813 diligentia
885 731 971 794 haud
989 733 1072 806 scio,
1091 752 1132 796 an
1147 734 1180 797 in
1192 735 1269 816 hac,

172 855 272 919 qnam
287 836 520 911 tractavimus,
533 836 685 898 oratione
700 834 850 917 apprime
864 834 908 896 sit
925 834 1134 914 necessaria;
1156 837 1192 899 in
1202 856 1271 919 qna

172 936 279 999 multa
293 937 476 999 benacum
492 935 630 999 totidem
645 919 712 998 fere
727 935 821 998 vitiis
836 933 1039 1016 confligunt3
1061 935 1110 998 ita
1123 936 1270 1019 quidem,

171 1048 211 1116 ut
231 1037 306 1100 binc
321 1037 460 1114 veritas,
473 1036 566 1100 illino
587 1036 749 1112 adulatio,
767 1035 844 1098 hinc
853 1034 976 1118 judicii
992 1036 1162 1114 severitas,
1177 1038 1270 1102 illinc

171 1138 374 1218 argutiarum
388 1138 657 1221 ineptiarumque
676 1136 836 1212 studium,
854 1137 931 1200 hinc
947 1136 1096 1218 simplex
1109 1138 1270 1204 orationis

170 1238 276 1316 color,
291 1239 384 1304 illinc
408 1238 562 1304 affectata
585 1241 725 1303 ornandi
748 1239 897 1315 ambitio,
913 1237 1048 1302 lectoris
1069 1240 1215 1305 animum
1235 1243 1270 1305 in

170 1339 343 1403 diversum
364 1339 507 1417 trahant,
524 1360 665 1423 eumque
688 1341 836 1404 vicissim
859 1357 946 1402 nunc
969 1347 1104 1421 captum
1127 1345 1270 1417 teneant,

170 1461 258 1506 nunc
283 1448 496 1505 nauseantem
520 1440 679 1523 fatigent;
708 1440 900 1523 luminaque
921 1439 992 1514 illa,
1015 1458 1092 1521 quae
1116 1460 1269 1522 peream

170 1561 292 1624 sparsa
316 1541 506 1625 splendent,
521 1543 663 1607 maculis
687 1559 754 1605 non
780 1543 898 1624 paucis
919 1559 1015 1623 paene
1038 1540 1270 1606 obscurentur.

171 1643 216 1706 Et
236 1643 349 1708 videre
369 1644 456 1721 licet,
470 1646 583 1710 varias
606 1644 698 1708 omni
721 1631 871 1726 tempbre
891 1643 1007 1718 tuisse,
1020 1648 1122 1724 atque
1144 1643 1269 1708 discre-

170 1751 296 1826 pantes
325 1744 483 1808 Virorum
514 1744 687 1812 doctomm
718 1745 760 1808 de
789 1744 889 1807 Plinii
915 1742 1048 1826 scriptis
1074 1745 1269 1810 sententias.

169 1844 257 1910 Cum
280 1846 369 1909 enim
396 1845 491 1909 Baco
513 1844 732 1910 Verulamias
755 1845 815 1928 (de
839 1843 961 1925 Augm.
986 1844 1113 1908 Sciant.
1134 1845 1194 1909 lib.
1217 1863 1268 1912 vr.

126 2009 128 2014 .
170 1941 275 2030 extr.)
296 1966 363 2011 non
390 1947 458 2010 nisi
479 1946 703 2011 mediocribus
727 1945 868 2028 ingeniis
896 1945 1016 2027 stylum
1042 1945 1115 2027 ejus
1140 1951 1269 2026 gratum

171 2067 248 2113 csse
271 2048 542 2130 pronuntiasset3
570 2049 654 2110 inter
676 2046 919 2127 Francogallos
941 2047 1090 2124 extitere,
1108 2048 1179 2130 qui,
1199 2049 1269 2112 dis·

171 2150 325 2212 cessione
339 2149 496 2230 in‘partes
511 2148 694 2212 contrarias
709 2148 814 2225 facta,
830 2147 985 2212 Ciceroni
1001 2149 1089 2212 adeo
1110 2167 1188 2222 eum
1210 2171 1269 2212 an·

171 2258 331 2331 teponere
344 2269 410 2314 nou
423 2248 623 2315 dubitarent.
659 2251 713 2314 De
724 2269 798 2314 meo
808 2249 923 2313 labore
935 2250 1097 2333 spondere
1110 2251 1267 2334 equidem

170 2370 322 2434 possum,
339 2369 413 2416 cam
434 2351 469 2414 in
492 2350 593 2416 Notis
614 2352 872 2428 conscribendis,
889 2360 957 2415 tum
974 2353 1006 2414 in
1026 2352 1267 2434 Disputatione

161 2451 235 2518 hac
249 2451 492 2526 concinnanda,
506 2452 647 2517 liberum
663 2473 717 2518 me
734 2454 777 2517 ab
798 2454 889 2517 omni
906 2451 1092 2531 affcctione,
1106 2455 1268 2537 opinioni·

169 2553 302 2636 busque
325 2560 402 2618 ante
422 2555 542 2636 captis,
557 2575 621 2620 nec
641 2555 785 2622 virtutes
807 2556 884 2638 ejus
902 2554 1010 2618 celare
1031 2556 1191 2634 voluisse,
1208 2576 1268 2620 nec

96 2688 103 2699 ·
169 2655 252 2719 vitia
268 2654 404 2718 intacta
426 2656 620 2737 relinquere.
666 2657 795 2722 Nescio
818 2657 918 2729 onim,
939 2657 999 2737 qui
1021 2656 1091 2732 fiat,
1111 2663 1148 2720 ut
1170 2659 1268 2721 multi

170 2756 376 2840 Interpretes
396 2762 569 2820 auctorem
589 2777 674 2832 eum,
690 2777 801 2840 quem,
819 2757 986 2821 Notarum
1007 2776 1141 2819 suarum
1160 2757 1267 2822 limbo

169 2864 382 2940 praetextum,
394 2857 575 2921 lectoribus
592 2858 699 2942 aequis
710 2857 956 2936 commendant,
968 2877 1063 2923 caeco
1076 2858 1143 2923 tera
1154 2878 1267 2924 amore

168 2966 205 3024 et
218 2958 355 3039 indigno
370 2960 626 3040 amplectantur.
665 2962 745 3043 Ipse
762 2960 942 3037 Gesnerus,
960 2961 1018 3044 qui
1035 2958 1099 3023 Vir
1113 2968 1146 3024 ot
1161 2981 1266 3045 quan·

170 3059 243 3123 tusl
267 3060 312 3123 ad
328 3075 395 3123 xl..
409 3061 442 3125 3.
456 3061 513 3126 nbi
533 3060 664 3125 Plinius
687 3063 719 3125 in
744 3061 922 3126 manifesto
942 3062 1062 3126 delicto
1083 3061 1266 3144 deprehen-

169 3160 269 3238 ditur,
283 3165 363 3243 ‘pro
375 3162 475 3238 meo,'
490 3163 607 3244 inquit,
621 3164 676 3226 ‘in
690 3163 832 3227 Plinium
847 3181 958 3226 amore
970 3181 1049 3226 auro
1059 3160 1264 3238 redemerim,

168 3262 243 3326 haec
262 3263 307 3325 ab
326 3263 386 3326 illo
405 3282 570 3339 nonesse
590 3260 739 3345 scripta!
783 3260 851 3340 Qui
866 3280 906 3324 eo
921 3262 955 3325 in
976 3267 1148 3324 auctorem
1166 3281 1264 3326 suum

169 3383 283 3428 amore
303 3365 402 3444 calet,
417 3365 447 3428 is
469 3383 586 3448 parum
607 3383 757 3428 morosus
778 3365 843 3428 erit
861 3365 896 3428 in
918 3362 1007 3428 vitiis
1022 3363 1096 3446 ejus
1109 3363 1265 3446 indagan-

169 3464 242 3544 dis3
264 3465 321 3528 sed
345 3471 517 3546 parentum
538 3468 648 3548 potins
662 3465 889 3530 Romanorum
905 3465 1143 3546 indulgentiam
1158 3467 1265 3530 imita·

168 3565 268 3643 bitur,
280 3568 351 3649 qui,
363 3573 501 3630 auctore
517 3567 677 3645 Horatio,
688 3569 793 3633 filium
809 3569 999 3633 strabonem
1017 3567 1158 3644 Paetum,
1169 3569 1264 3632 illum

169 3673 280 3730 autem
303 3667 455 3732 distortis
475 3670 625 3734 cruribus
645 3668 775 3734 Varum
796 3670 1036 3734 balbutiebant.
1080 3668 1206 3734 Verum
1230 3672 1263 3732 in

170 3765 394 3850 dijudicandis
417 3769 621 3846 auctoribus,
638 3771 697 3852 qui
718 3769 992 3844 adolescentulis,
1015 3770 1186 3835 literarum
1207 3789 1262 3833 an·

169 3870 335 3951 tiquarum
356 3868 469 3932 studia
489 3868 735 3948 aemulantibuS,
751 3870 794 3934 ad
813 3870 1006 3934 imitandum
1027 3876 1263 3952 proponantur,

170 3969 280 4032 minus
302 3968 418 4032 urbani
441 3987 516 4033 esse
538 3969 690 4046 velimus,
706 3990 805 4053 quarn
827 3973 861 4035 in
883 3971 1031 4034 moribus
1051 3989 1174 4045 eorum,
1192 3973 1264 4054 qui-

169 4069 309 4133 buscum
336 4069 489 4147 vivimus,
515 4072 690 4148 notandis;
720 4073 821 4136 immo
847 4073 880 4136 in
905 4073 998 4137 vitiis
1028 4091 1140 4136 eorum
1167 4094 1261 4156 aeque
1373 4067 1377 4080 ’

171 4176 305 4236 acutum
319 4188 506 4247 cernamus,
521 4189 561 4234 ac
576 4171 610 4236 in
625 4172 811 4238 virtutibus.
