3050 4842
242 381 309 452 {tut
587 397 645 444 .c.
671 395 790 444 rnrnrr
816 395 1008 446 sncunnr‘·

244 537 494 606 decernendum
513 535 585 604 erit.
632 536 753 610 Manet
778 539 991 622 manebitque
1019 535 1140 604 honori
1170 541 1341 606 veneratio

244 652 351 722 sua;⁶
372 659 435 705 uec
459 641 672 705 securitatem
694 641 920 707 anctoritate‘¹
940 641 1131 723 perdemus.
1174 639 1206 704 2.
1229 639 1296 718 Ac,
1314 645 1344 708 si

244 744 324 826 qnid
343 743 427 810 sorte
450 761 494 806 ex
516 741 713 812 consulatus
732 743 868 826 fastigio
892 743 990 806 luerit
1003 743 1212 820 diminutum,
1228 752 1345 808 nostra

240 846 315 915 heo
330 847 393 912 erit
408 845 520 926 culpa.
535 845 747 908 nonsaecnli.
794 846 891 910 Licet
905 845 1005 923 enirn,
1021 850 1181 928 qnantum
1197 844 1240 908 ad
1257 846 1343 926 prin·

242 948 364 1030 cipem,
393 947 475 1012 licet
503 947 588 1011 tales
611 947 767 1028 consules
797 967 905 1030 agore,
928 946 1048 1031 quales
1072 953 1147 1010 ante
1161 945 1343 1029 ¹principes

243 1056 348 1116 erant.
389 1051 424 1114 3.
447 1049 603 1114 Ullamne
628 1050 689 1114 tibi
714 1069 775 1132 pro
795 1049 970 1114 beneficiis
989 1048 1108 1113 referre
1128 1048 1266 1136 gratiam
1281 1067 1342 1129 pa·

241 1171 312 1219 rem
333 1169 527 1234 possumus,
549 1151 613 1215 nisi
636 1157 766 1216 tanturn
780 1158 799 1186 ¹¹¹
830 1151 935 1228 illam,
964 1158 1001 1216 ut
1027 1169 1160 1232 semper
1186 1169 1248 1214 nos
1274 1167 1343 1232 me·

241 1251 434 1316 minerimus
457 1252 613 1317 consules
632 1252 749 1330 inisse,
774 1256 807 1318 et
827 1254 980 1330 consules
994 1253 1107 1330 ¹tuost
1152 1251 1204 1316 Ea
1220 1251 1343 1318 sentia·

241 1371 327 1430 mus‚
357 1373 400 1419 ea
430 1373 640 1431 censeamus,
666 1375 742 1437 quae
773 1355 1008 1420 consularibus
1032 1353 1133 1436 digna
1155 1359 1245 1417 sunt.
1271 1351 1344 1418 ‘Ita

241 1473 412 1520 versemur
442 1455 476 1519 in
501 1456 682 1538 republica,
708 1457 955 1534 utoredcnrns,
982 1475 1058 1520 esse
1086 1455 1343 1539 rempublicam.

240 1555 274 1618 4.
296 1555 331 1620 N
334 1575 378 1620 on
392 1557 569 1622 consilium
585 1563 746 1629 nostrum,
763 1577 829 1621 non
844 1576 988 1640 operam,
1002 1557 1262 1634 subtrahemus3
1278 1575 1340 1618 noc

240 1656 427 1740 disjunctos
453 1659 585 1734 nosfet
608 1658 707 1741 quasi
740 1657 897 1724 dimissos
921 1657 1111 1735 consulatu,
1134 1657 1195 1721 sed
1217 1657 1343 1739 quasi·

242 1760 401 1828 astrictos
416 1768 451 1824 et
466 1760 642 1825 devinctos
657 1766 829 1843 putemus,
845 1760 1078 1842 eundemque!²
1094 1761 1203 1826 locum
1213 1759 1343 1822 laboris

234 1866 388 1939 cicutae,
405 1881 503 1944 quem
518 1863 708 1926 reverentiae
724 1861 978 1945 dignitatisque,
996 1869 1182 1928 teneamus.

284 1962 374 2030 Gnr.
391 1979 497 2027 xcrv.
530 1963 563 2026 1.
585 1963 626 2027 ln
642 1963 732 2027 fine⁰
755 1963 916 2028 orationis
936 1962 1099 2046 proesides
1119 1961 1342 2046 custodesque

271 2141 282 2166 ⁸
297 2133 408 2182 Manebit
417 2134 497 2182 dedito
509 2138 642 2184 cmnlnlni
650 2139 791 2184 reverentie.
858 2136 872 2169 ὖ
889 2138 993 2197 Propter
1003 2135 1178 2184 anctoritatem.

270 2205 282 2230 ¹
299 2199 350 2247 Nec
361 2197 472 2247 liberetur
482 2212 524 2247 sos
535 2198 598 2247 caris
607 2201 779 2257 consularibus,
789 2201 831 2249 sed
842 2199 918 2263 qnasi,
927 2201 967 2261 tre.

238 2434 334 2485 venet.
345 2439 369 2484 l.
386 2437 534 2502 manebitque
550 2437 645 2488 luroris
661 2438 780 2488 cannutio
797 2453 849 2487 sun.
882 2437 936 2486 Pro
949 2437 1051 2487 nomine
1063 2437 1222 2494 securitatem,
1233 2437 1259 2486 in
1271 2433 1342 2490 (lud.

234 2503 263 2549 2.
283 2509 432 2551 annotatum
450 2510 492 2552 est
510 2503 717 2553 retentatam-e
734 2501 798 2552 Cod.
818 2502 989 2552 Schwarsiau.
999 2501 1052 2562 snit
1066 2504 1266 2552 diminutum-t
1286 2505 1342 2552 Nisi

238 2570 317 2613 tornes
334 2567 401 2631 conj.
422 2567 505 2616 Lirin.
528 2573 621 2616 tuntum
639 2569 736 2616 habeut
755 2568 814 2616 cod.
836 2568 948 2630 Gnelplr.
971 2582 1059 2615 omnes
1079 2568 1139 2615 edd.
1159 2573 1224 2615 vett.
1244 2568 1341 2616 Cellsr.

238 2628 338 2678 Heuru.
349 2631 466 2680 Patarol.
476 2633 556 2680 Gesn.
568 2634 614 2689 alu,
630 2633 740 2681 Emend.
757 2633 868 2681 Lirineii
886 2632 1065 2692 comprobavit
1082 2631 1215 2680 Bucherus
1227 2630 1260 2678 sd
1272 2631 1339 2680 Ptin.

238 2693 325 2755 Epist.
338 2707 402 2744 vrrt.
413 2699 453 2746 lt.
487 2697 526 2744 Eu
538 2696 677 2758 sentiamus,
695 2711 723 2745 en
739 2701 859 2745 teneamur
870 2697 929 2745 cod.
942 2696 1025 2744 Paris.
1058 2696 1090 2744 In
1107 2695 1183 2743 codd.
1195 2695 1269 2743 Vstt.
1280 2699 1306 2744 2.
1316 2699 1341 2744 t.

236 2755 324 2805 Paris.
336 2757 451 2821 Grrelplr.
462 2767 490 2808 et
502 2761 673 2809 Scltwerzian.
690 2760 784 2809 omissa
795 2768 854 2808 sunt
870 2760 927 2809 haec
945 2759 1035 2816 verbs,
1046 2762 1073 2806 nt
1082 2760 1211 2816 credamus,
1222 2772 1270 2806 estc
1280 2773 1341 2807 retn-

233 2820 366 2881 psblicnm5
383 2823 443 2884 quis
455 2835 549 2880 nempe
564 2826 681 2883 proxime
697 2830 874 2876 antecesserat
887 2836 937 2870 rox
948 2821 1126 2882 republicae-d
1142 2821 1285 2870 ‘Demissos
1296 2835 1339 2871 re·

237 2887 360 2932 auctiores
372 2884 453 2932 editi:
470 2885 545 2932 ruste.
580 2884 648 2932 lllnd
660 2885 720 2932 huic
733 2886 790 2934 loco
809 2886 1089 2941 convenientissimum,
1108 2885 1158 2933 lton
1175 2886 1292 2940 attentus,
1310 2895 1340 2936 et

236 2946 298 2995 uide
310 2949 345 2994 its
357 2947 474 2995 librarios
486 2948 636 2996 aberrantes
649 2950 673 3025 in
687 2949 753 2996 notis
766 2951 860 2997 nostris
873 2950 905 2998 ad
918 2950 1018 2999 Victor.
1030 2951 1072 2998 lll.
1085 2964 1144 3026 cap.
1156 2961 1220 2998 ιιι.
1230 2957 1259 2999 et
1268 2951 1341 3011 Eptt.

237 3011 1340 3143 ttulitillinitis?initiuntilliniunt?t‘l'tl‘ntltttfttt

236 3147 324 3189 tamen
336 3153 391 3188 enm
403 3148 490 3190 notam
502 3140 613 3199 addidit,
629 3141 638 3168 ⁴
651 3142 711 3190 Non
724 3141 829 3205 placet?
861 3141 898 3190 At
908 3143 1038 3190 verissima
1054 3156 1085 3189 es
1105 3150 1147 3190 cst
1162 3143 1250 3204 lectio,
1263 3155 1340 3204 quarn

236 3204 387 3253 confirmant
399 3206 476 3253 etiem
489 3207 566 3254 Voss.
578 3211 605 3253 et
617 3205 729 3268 Gnelplr.
762 3206 916 3265 ‘Dduuctus
927 3204 1079 3256 lronorilrns’
1089 3205 1185 3254 dicitnr
1195 3205 1228 3260 is,
1241 3208 1284 3265 qtni
1296 3208 1339 3255 lto·

235 3281 312 3317 nores
325 3269 449 3330 gestiunt
461 3270 493 3318 alr
504 3270 534 3318 iis
544 3274 583 3318 est
595 3270 722 3318 dimissus.
756 3270 861 3318 Servius
876 3269 908 3318 sd
923 3271 996 3332 Virg.
1008 3269 1063 3318 AEn.
1075 3283 1115 3317 vr.
1126 3274 1167 3318 83.
1185 3268 1338 3321 ‘Det'nncte

237 3341 335 3387 nutem,
347 3332 465 3389 liberate,
485 3349 542 3383 unm
558 3334 668 3382 dicimus
679 3332 817 3384 defunctos
827 3331 923 3394 officio,
932 3336 977 3397 qni
989 3333 1074 3382 officis
1085 3334 1258 3396 complerunt,
1271 3335 1339 3384 nude

236 3403 264 3443 ct
280 3396 418 3446 lronorihns
432 3398 523 3446 truncti.
555 3397 627 3448 Hinc
638 3406 666 3446 et
679 3397 818 3446 defunctos
832 3406 946 3446 mortuos
958 3398 1076 3456 dicimus,
1086 3399 1129 3460 qui
1142 3399 1340 3460 compleverunt
1358 3401 1361 3406 ’

165 3463 168 3469 ⁴
236 3460 297 3507 vitae
310 3457 411 3508 officia!
429 3462 486 3508 Vel.
500 3463 571 3509 Max.
584 3476 624 3510 ιν.
637 3467 661 3509 5.
674 3477 716 3510 ex.
725 3465 747 3509 l.
759 3462 768 3488 ⁴
779 3460 935 3527 Consulatum
943 3463 998 3523 jum
1007 3463 1102 3514 ltocore
1110 3461 1249 3512 defunctus
1258 3461 1275 3509 :’
1286 3463 1342 3526 phi,

235 3537 288 3571 non
300 3531 361 3571 nunt
372 3523 492 3576 audiendi
505 3525 617 3579 codices,
630 3525 673 3588 qni
690 3523 833 3574 ‘flnctus’
851 3526 956 3586 legunt:
974 3525 1010 3574 sic
1023 3527 1089 3573 eninr
1101 3525 1169 3574 idern
1182 3539 1209 3575 t.
1225 3530 1250 3574 9.
1260 3523 1305 3576 err.
1316 3532 1340 3575 l.

235 3587 404 3636 ‘Honoribus
416 3588 447 3637 nd
461 3603 595 3638 censuram
609 3587 766 3637 defunctus’
800 3589 833 3637 Et
843 3589 877 3636 ita
891 3590 1002 3650 optinrus
1015 3591 1131 3652 quisque.
1163 3590 1227 3638 Mox
1239 3605 1286 3654 pro
1298 3593 1340 3640 de·

234 3653 326 3702 cinctos
345 3653 493 3715 conjecerat
515 3653 662 3702 Perizonius
682 3652 816 3702 rennos!
841 3652 931 3704 Arnts.
974 3653 1042 3703 Vide
1061 3655 1135 3705 Nott.
1154 3654 1228 3705 Varr.
1263 3655 1338 3704 Solos

232 3718 830 3782 eod.Schtratzian.lrabeteumdemquelocum.
1220 3729 1222 3735 ’
1256 3727 1260 3737 ’
1287 3749 1291 3757 .

731 3847 840 3899 NOTAE

267 3952 286 3980 ⁸¹
305 3947 362 3996 Nisi
375 3932 487 4009 'tuntum
514 3917 555 3995 Es
576 3945 777 4012 consuetudine¹
805 3944 864 3995 licre
887 3947 998 3998 salutern
1025 3951 1055 3996 et
1080 3945 1189 4009 glorium
1219 3945 1338 4010 invigile·

234 4017 314 4070 Plinii
328 4035 374 4083 pro
391 4021 458 4070 ‘uisi
470 4018 572 4069 solum)
739 4033 742 4040 ’
806 4036 872 4072 nrns.
976 4046 980 4052 ·
1188 4031 1192 4040 '
1261 4031 1265 4038 ·

267 4100 280 4127 ¹²
298 4096 461 4159 Eundmrqne]
476 4095 509 4145 ld
521 4103 571 4152 est,
582 4102 612 4144 ut
628 4095 698 4146 sicut
715 4096 764 4158 pri·
838 4106 850 4132 ⁰
875 4099 907 4147 Iu
921 4097 986 4164 fine]
1014 4098 1038 4148 Α
1057 4097 1337 4162 precationednrterut

235 4181 303 4218 tntnn
316 4170 341 4219 in
359 4171 493 4233 republica
509 4171 686 4234 magistratum
699 4172 766 4235 geri·
801 4175 932 4224 cretionis
953 4175 1108 4236 exordium·;
1135 4187 1204 4224 nunc
1226 4173 1335 4226 eundern

235 4257 304 4308 mus,
315 4245 353 4294 its
365 4246 478 4294 omniurn
490 4248 602 4298 maxime
618 4248 650 4298 ed
662 4247 766 4312 reipub·
804 4250 988 4302 obsecratione
998 4251 1120 4316 religiose
1128 4249 1271 4301 concludit.
