3022 4852
250 357 292 426 tt
567 377 615 425 on
639 377 758 426 rursu
773 344 1028 426 vrrtarrcrarco

295 523 379 586 Eam
401 522 510 604 igitur,
536 521 579 584 da
603 539 669 602 qua
692 521 746 584 bic
771 521 912 602 agimus,
933 521 1124 585 Orationem
1150 519 1190 585 G.
1213 519 1345 584 Plinius

252 622 414 688 Caecilius
439 621 613 686 Secundus
634 621 676 685 A.
693 621 840 686 c.100.·
855 623 966 686 aetatis
979 621 1036 686 39.
1056 622 1188 704 imperii
1206 620 1346 703 Trajani

250 724 283 788 3.
296 725 423 800 babuit,
439 741 514 786 cum
538 721 619 785 Cos.
641 721 804 786 suffectus·
823 721 987 787 Kalendis
1006 721 1261 804 Septembribus
1280 738 1347 784 una

251 845 330 888 cum
350 823 409 905 Sp.
425 824 574 888 Cornuto
589 821 736 885 Tertullo
757 841 876 887 munus
893 821 1013 887 adiret.
1060 821 1138 885 Mos
1153 821 1241 886 enim
1255 819 1347 904 apud

252 926 428 992 Romanos
443 930 571 988 mature
585 922 783 999 invaluerat,
797 923 885 988 baud
900 923 1002 988 dubie
1018 924 1081 988 sub
1097 924 1172 1005 ipso
1185 922 1258 1005 jam
1272 919 1348 986 Au-

252 1034 360 1110 gusto,
374 1031 412 1090 ut
433 1043 546 1089 novus
568 1021 694 1087 Consul
712 1043 753 1086 eo
766 1024 843 1106 ipso
861 1023 927 1102 die,
941 1044 1008 1109 quo
1023 1041 1145 1088 munus
1159 1021 1270 1098 iniret,
1283 1041 1346 1087 suo

250 1130 385 1194 nomine
406 1126 556 1211 Principi
576 1125 701 1207 gratias
725 1135 847 1207 ageret.
896 1126 964 1190 Sed
983 1132 1103 1210 postea
1123 1123 1216 1189 scta
1238 1125 1348 1188 sanci·

251 1235 322 1294 tum
346 1234 429 1307 erat,
443 1235 482 1292 ut
503 1228 538 1292 id
561 1227 655 1291 tieret
670 1225 769 1310 jussu
793 1227 907 1312 potius
929 1227 1076 1292 Senatus
1097 1231 1132 1290 et
1150 1225 1347 1290 auctoritate

252 1329 466 1414 Reipublicae
481 1328 552 1413 (tv.
566 1325 633 1411 l.);
649 1347 718 1410 quo
740 1328 833 1393 iacto
851 1330 985 1411 privata
1001 1327 1180 1409 gratiarum
1195 1327 1288 1390 actio
1312 1330 1346 1389 in

252 1419 352 1496 finem
375 1430 453 1495 talis
473 1430 635 1494 orationis
654 1429 775 1513 rejecta
791 1439 855 1494 est.
912 1430 1007 1494 Huic
1021 1430 1124 1511 igitur
1138 1427 1231 1492 suto
1246 1429 1349 1492 satis·

251 1533 333 1596 iecit
348 1530 446 1595 etiam
462 1531 595 1594 Plinius
611 1527 677 1592 ‘ad
691 1530 853 1594 rationem
868 1531 937 1595 loci
951 1536 987 1595 et
1001 1527 1180 1614 temporis,'
1192 1528 1275 1614 (Ep.
1289 1546 1349 1594 111.

252 1631 323 1717 18.)
336 1633 369 1697 b.
389 1653 420 1696 e.
439 1631 591 1696 breviter.
634 1617 758 1694 Ver'um
781 1638 901 1712 postea
922 1633 1037 1696 ‘bono
1059 1632 1127 1696 civi
1148 1633 1349 1696 conuenien-

253 1732 433 1800 tissimum'
449 1733 601 1809 credidit,
618 1731 759 1796 ‘eadem
781 1733 838 1796 illa
852 1733 1041 1815 spatiosius
1057 1740 1089 1796 et
1104 1733 1239 1797 uberius
1253 1733 1349 1798 volu·

253 1835 342 1900 mine
365 1834 540 1916 amplecti!
583 1833 786 1897 Absolutum
811 1854 910 1917 opus,
931 1853 975 1897 ex
997 1853 1089 1898 more
1110 1834 1242 1897 illorum
1266 1840 1349 1897 tern-

253 1957 385 2022 porum,
411 1936 532 1999 amicis
554 1934 748 1999 convocatis
773 1936 944 2015 recitavit3
978 1942 1012 1999 et
1034 1940 1173 2016 apparet
1197 1946 1349 2016 maguam

254 2037 327 2120 ejus
342 2036 607 2118 expectationem
623 2034 774 2100 tenuisse
789 2037 927 2120 amicos,
938 2055 1088 2117 magnam
1101 2036 1203 2098 etiam
1215 2035 1349 2100 eosdem

253 2138 332 2203 inde
346 2137 554 2219 voluptatem
570 2138 768 2221 percepisse.
807 2137 893 2203 Cum
905 2138 992 2201 euim
1010 2137 1175 2200 rarissime
1189 2137 1257 2201 illis
1268 2143 1350 2202 tem-

254 2239 393 2322 poribus
415 2235 537 2300 Romae
559 2245 704 2315 vacaret,
720 2244 778 2303 aut
799 2237 1007 2304 commodum
1022 2244 1120 2317 esset,
1133 2237 1248 2303 audire
1269 2241 1350 2304 reci-

255 2345 390 2416 tantem,
405 2338 454 2401 illi
477 2343 599 2417 mmen,
614 2329 813 2404 foedissimis
834 2340 918 2404 adeo
936 2341 1209 2422 tempestatibus,
1224 2361 1286 2424 per
1299 2342 1351 2405 bi·

256 2442 362 2505 duum'
380 2447 621 2519 conveneruut3
644 2461 788 2524 cumque
809 2442 978 2507 modestia
999 2440 1102 2506 Plinii
1123 2442 1220 2505 finem
1239 2442 1350 2506 iacere

255 2543 368 2618 vellet,
390 2549 426 2606 ut
441 2542 573 2606 tertium
588 2540 675 2606 diem
695 2542 866 2626 adjiceret,
882 2551 1074 2627 exegerunt.
1129 2541 1250 2626 Neque
1266 2545 1350 2609 satis

255 2641 373 2708 babuit
390 2642 492 2708 caetui
505 2642 689 2707 amicorum
701 2644 891 2726 promiscuo
903 2663 976 2708 eam
991 2645 1170 2724 recitasse;
1187 2644 1246 2708 sed
1259 2642 1351 2708 Viris

255 2746 356 2810 etiam
372 2745 493 2821 doctis,
504 2743 744 2829 judicibusque
758 2747 872 2811 barum
888 2765 994 2810 rerum
1011 2746 1146 2810 selectis
1159 2747 1351 2828 exemplum

254 2848 327 2930 ejus
351 2846 453 2917 misit,
469 2845 523 2909 bis
546 2846 672 2910 additis
693 2849 863 2929 precibus,
877 2852 914 2912 ut
935 2853 1141 2924 annotarent,
1156 2867 1232 2930 quae
1253 2855 1352 2930 puta·

255 2947 364 3012 verint
387 2944 590 3028 corrigenda.
634 2945 676 3010 Iu
697 2948 739 3011 iis
758 2947 932 3029 judicibus
952 2947 1016 3011 tuit
1032 2945 1208 3011 Voconius
1223 2947 1352 3014 Roma·

256 3068 327 3127 nuc,
343 3047 425 3133 (Ep.
445 3064 502 3111 ιιι.
517 3043 589 3129 13.)
602 3050 668 3127 cui,
689 3048 803 3113 Plinio
826 3049 958 3132 quidem
979 3047 1106 3130 judice,
1121 3049 1205 3112 mira
1224 3049 1258 3112 iu
1277 3051 1349 3114 'ser-

254 3170 352 3216 mone
374 3150 538 3226 suavitas,
561 3149 727 3232 ingenium
749 3151 934 3228 excelsum,
955 3151 1088 3228 subtile,
1110 3148 1228 3229 dulcc;
1255 3152 1351 3234 cujus

256 3250 431 3334 Epistulas
453 3250 538 3333 ipsae
564 3249 678 3315 Musae
702 3251 850 3316 dictasse
877 3251 1110 3328 credebantur,
1131 3251 1214 3337 (Ep.
1238 3269 1278 3315 x.
1301 3250 1352 3336 3.)

256 3351 382 3414 Verum
408 3370 451 3414 au
473 3351 521 3414 illi
542 3371 583 3415 aa
598 3353 791 3429 subtilitate,
807 3372 914 3435 eaque
928 3352 1093 3430 libertate,
1106 3372 1175 3435 qua
1189 3353 1222 3416 in
1238 3371 1350 3417 recen-

258 3451 372 3515 sendis
396 3450 578 3515 amicorum
608 3453 811 3516 carminibus
840 3451 1042 3531 Quintilium
1068 3451 1196 3517 Varum
1226 3456 1351 3519 scimus
1414 3511 1418 3520 .

257 3571 355 3616 usum
370 3569 456 3626 esse,
470 3549 661 3615 Pliniauum
678 3571 765 3636 opus
780 3553 1027 3636 castigaverint,
1042 3553 1203 3618 dubitem.
1247 3554 1352 3621 Plura

289 3707 351 3757 ⁸In
374 3722 468 3756 annum
490 3708 560 3759 illurn
582 3711 638 3774 ipsc
658 3713 786 3776 Traianus
826 3721 902 3775 sunt;
919 3730 952 3764 ex
967 3715 1027 3765 Kal.
1044 3712 1187 3765 Novembr.
1206 3720 1292 3764 autem
1305 3712 1353 3766 Ju-

257 3782 500 3834 terrisonafmno
517 3786 640 3849 collegam
657 3788 707 3838 sibi
721 3787 785 3838 iecit
826 3790 875 3839 tius
897 3789 981 3839 Ferox
1002 3798 1030 3840 et
1051 3789 1160 3840 Acutius
1179 3791 1277 3840 Nerva.
1310 3789 1353 3838 Sic

256 3858 283 3906 in
303 3860 399 3921 primos
417 3862 481 3910 door
503 3875 604 3912 menses
624 3864 661 3913 M.
681 3864 785 3914 cornel·
826 3867 897 3916 Fasti
919 3865 951 3914 ab
969 3864 1164 3915 Almetoveenio
1186 3864 1250 3914 editi
1272 3863 1305 3912 ad
1329 3879 1354 3912 ι.

258 3935 423 3998 Frontonem,
440 3942 502 3986 tert.
519 3937 784 3990 Conetcxlirlend.
825 3945 882 3990 852.
915 3940 1203 3990 Inuominibustnmen
1222 3940 1274 3988 illis
1292 3952 1354 3986 non·

257 4012 339 4061 Mart.
358 4013 431 4062 Sext.
449 4014 630 4079 Pomponium,
648 4023 711 4066 tert.
725 4017 785 4066 Cos.
826 4016 897 4065 nulla
917 4016 1042 4064 mutando
1062 4022 1153 4065 censet
1170 4014 1298 4066 sebasan.
1320 4013 1352 4062 ad

258 4089 301 4137 Ex
321 4088 433 4136 Kalend.
454 4087 602 4153 septembr.
621 4099 709 4140 noster
731 4092 785 4140 Pti·
825 4091 924 4156 Paneg.
936 4106 959 4142 c.
969 4095 1010 4142 20.
1021 4099 1048 4140 et
1057 4093 1098 4139 bl.

259 4165 318 4213 nius
335 4173 362 4214 st
378 4165 424 4228 Sp.
437 4166 515 4216 Corn.
532 4166 664 4217 Tertullus
682 4163 786 4217 suffecti
