3100 4854
476 387 507 432 c.
532 383 653 431 rursu
678 383 825 436 cncrnrr
853 385 1032 434 sncnunr.
1236 373 1301 438 lue

190 659 281 737 ¹An.
297 667 341 733 U.
357 665 395 732 c.
413 680 589 731 nccenvr.
628 665 805 731 chaeur.
843 663 980 750 Trajani
998 679 1049 726 vr.
1084 665 1295 769 AEtetunn

244 824 285 888 In
300 845 342 890 ea
366 824 540 908 provincie
555 824 635 887 boni
650 841 692 888 ao
714 823 839 890 streuui
860 823 1073 906 proconsulis
1093 823 1229 888 functus
1250 830 1303 890 est

202 927 334 996 officio:
368 925 560 992 emendarit
577 926 666 1008 jum,
691 935 768 990 acta
793 925 915 988 Bassae
945 924 1095 1002 rescidit,
1124 925 1302 1006 pristinum

200 1027 371 1111 Bithyniae
396 1026 606 1110 splendorem
631 1027 790 1103 restituit,
814 1025 933 1091 refecit
955 1025 1119 1091 aedilicia:
1144 1025 1303 1090 Nicone

199 1131 268 1199 dise
289 1149 387 1211 aquae
412 1128 540 1202 ductus
558 1128 729 1203 stlocum,
745 1128 809 1212 Ep.
827 1143 868 1195 x.
883 1129 938 1194 47.
953 1134 987 1194 et
999 1127 1053 1192 51.
1077 1126 1208 1194 Nieaeae
1232 1128 1301 1194 bun

199 1251 265 1298 nea
284 1235 318 1294 et
339 1230 514 1308 theatrum,
531 1230 595 1314 Ep.
618 1247 661 1294 x,
679 1231 733 1296 48.
759 1231 874 1298 Prusae
898 1231 979 1295 item
999 1227 1122 1295 belisa
1137 1230 1303 1296 instaura-

198 1334 259 1410 vit,
277 1331 342 1414 Ep.
359 1347 400 1394 x.
414 1331 468 1394 60.
500 1329 634 1410 Quibus
649 1333 746 1399 rebus
760 1332 811 1396 ita
827 1331 1085 1414 sihiTrajunuru
1096 1331 1301 1411 conciliuvit,

198 1439 236 1496 nt
250 1437 448 1515 auguratum
463 1451 503 1496 ao
521 1432 581 1516 jus
604 1435 703 1498 trium
723 1433 902 1499 liberorum
923 1433 1000 1507 sibi,
1016 1432 1136 1496 amicis
1151 1451 1231 1498 vero
1242 1431 1301 1514 jus

201 1532 399 1613 Qniritium,
417 1533 576 1610 civitatis,
590 1534 688 1598 trium
702 1533 896 1611 liberorum,
908 1531 1123 1621 senatorium,
1135 1537 1168 1596 et
1177 1538 1302 1614 praeto·

198 1637 281 1702 riam
297 1635 492 1716 dignitatern
505 1634 701 1715 impetrarit.

214 1882 282 1948 An.
298 1879 343 1946 U.
359 1881 398 1946 Ο.
421 1895 586 1945 occonx.
619 1879 697 1945 Chr.
715 1897 807 1945 cvrr.
843 1878 979 1966 Trajaui
996 1897 1036 1946 x.
1073 1881 1179 1946 AEtat.
1196 1897 1294 1984 xum

238 2049 372 2116 Plinius
387 2050 467 2116 datu
482 2051 525 2114 ed
545 2049 704 2115 Albinum
719 2049 870 2131 epistole
884 2048 950 2132 Ep.
973 2067 1026 2115 vr.
1049 2049 1103 2113 10.
1124 2047 1298 2132 conqueri·

198 2158 251 2216 tur
262 2153 354 2235 quod
370 2151 516 2234 Virginii
531 2151 612 2215 Rufi
622 2155 698 2216 unte
708 2150 823 2216 decem
835 2171 942 2216 annos
955 2153 1094 2216 extincti
1107 2151 1300 2234 sepulcrum
1353 2195 1355 2200 ·

197 2252 344 2320 nondum
366 2262 458 2318 esset
473 2253 677 2318 consectum.
720 2251 766 2318 Et
781 2255 939 2337 quoniam
956 2255 998 2318 de
1013 2252 1128 2317 Plinio
1143 2250 1224 2316 nihil
1244 2270 1299 2317 oc·-

197 2356 313 2431 cutrit,
327 2373 438 2437 neque
452 2355 485 2418 in
501 2354 575 2438 ejus
590 2353 761 2437 epistolis,
774 2374 883 2437 neque
894 2373 1036 2438 usquam
1050 2355 1141 2430 alibi,
1154 2353 1244 2439 quud
1256 2353 1300 2417 ad

196 2457 377 2540 posteriora
392 2463 544 2539 tempora
558 2457 734 2540 pertinent,
758 2463 794 2520 et
812 2457 982 2521 Eusebius
997 2457 1200 2522 duodecimo
1213 2456 1299 2519 Tru-

192 2559 266 2642 juni
281 2576 369 2622 enno
383 2556 531 2621 Plinium
548 2559 733 2623 extinctum
748 2557 876 2635 trudet,
887 2562 971 2646 (quo
982 2559 1060 2622 loco
1075 2559 1140 2622 etsi
1152 2557 1299 2620 Plinium

198 2658 363 2742 Majorem
387 2659 575 2742 significare
593 2659 722 2722 uidetur
743 2659 927 2732 Eusebius,
946 2657 1080 2723 nonnisi
1104 2657 1146 2720 de
1165 2655 1299 2720 Minore

196 2767 308 2824 tumen
323 2759 465 2840 intelligi
481 2770 704 2842 posss'supro
718 2759 970 2840 demonstrari,)
983 2759 1084 2827 facile
1099 2759 1246 2822 adducor
1260 2755 1300 2821 ut

197 2861 333 2926 credam
349 2860 494 2924 Plinium
510 2860 575 2925 hoc
591 2877 681 2926 anno
696 2861 837 2925 obiisse.
1241 2877 1246 2886 ·

194 3025 199 3035 ,
241 2962 321 3028 Fuit
335 2963 370 3026 iu
386 2961 496 3026 Plinio
516 2969 681 3044 praestuns
695 2969 732 3028 et
746 2977 915 3028 smoenum
938 2963 1092 3045 inprimis
1111 2962 1297 3044 ingenium,

196 3062 389 3130 incredibile
419 3063 572 3128 discendi
595 3064 755 3142 studium,
786 3063 964 3129 abundans
993 3064 1159 3128 variarum
1189 3079 1296 3130 rerum

197 3165 355 3247 cognitio.
400 3165 489 3230 Livii
511 3167 710 3247 cupiebatur
731 3165 944 3247 eloquentia3
970 3163 1238 3239 Demosthenem,
1266 3166 1296 3228 si

196 3267 278 3352 quid
289 3267 459 3343 scriberet,
472 3273 631 3348 perpetuo
646 3266 792 3330 habebat
806 3266 853 3328 nb
868 3265 1004 3343 oculos3
1020 3283 1083 3326 uec
1094 3263 1203 3326 miuus
1214 3260 1297 3326 'Pul-

195 3367 235 3432 lii
248 3367 402 3432 imitandi
414 3367 528 3430 studio
535 3366 715 3448 flagrabat
747 3364 848 3443 Quod
865 3365 896 3432 si
908 3361 1297 3444 acutioribusnententils

195 3486 237 3534 ac
251 3467 457 3556 metaphoris
472 3467 665 3551 plusculum
682 3467 819 3533 indulsit
839 3485 941 3551 quom
957 3465 1133 3534 Ciceronis
1148 3465 1297 3530 imitatu

182 3567 417 3655 remuneret,
431 3569 568 3633 suithoo
577 3567 670 3634 iilius
680 3571 793 3636 etatis
804 3569 940 3650 vitium3
962 3585 1063 3653 quam
1076 3567 1296 3650 degenerasse

93 3656 101 3674 ⁸
196 3679 235 3734 et
253 3671 297 3734 ab
317 3672 444 3754 optimo
467 3670 743 3754 dicendigenere
765 3669 929 3736 deiecisse
949 3669 1131 3735 identidem
1146 3667 1295 3742 dolebat

197 3769 301 3850 Quod
326 3777 436 3836 autum
459 3771 627 3854 politicum
653 3772 736 3855 quid
756 3771 937 3854 aliquando
959 3777 1059 3835 sonat
1079 3769 1153 3852 ejus
1174 3766 1301 3854 dictio,

195 3871 349 3940 nimirum
364 3890 426 3935 sua
441 3872 508 3937 hnc
531 3873 625 3936 illum
647 3872 776 3937 terebat
794 3872 945 3936 indoles:
969 3870 1164 3952 tragoediam
1180 3867 1295 3946 etiem,

196 3989 282 4042 cum:
296 3979 387 4040 esset
401 3973 512 4039 adhuc
532 3989 693 4038 annorum
716 3973 981 4060 quatuordecim,
996 3973 1119 4053 elegos,
1133 3969 1293 4052 epigram·

194 4081 301 4151 rnatu,
330 4081 366 4138 et
387 4074 741 4160 hendecasyllaborum
762 4076 921 4141 volumen
943 4070 1157 4154 conscripsit,
1189 4077 1227 4133 nt
1249 4089 1293 4136 ex

195 4176 298 4244 uariis
312 4177 387 4262 ejus
402 4175 556 4264 epistolis
568 4181 721 4263 apparet.
752 4179 822 4246 Sed
837 4178 919 4244 nihil
933 4179 1048 4244 borum
1064 4181 1159 4241 extat
1172 4166 1295 4259 praeter
