3022 4852
544 387 549 398 ·
670 369 771 417 vrrs.
1222 356 1265 418 73

171 518 335 587 mortuus,
363 511 447 574 ibid.
505 510 635 574 Deinde
662 511 754 593 upud
784 511 933 576 Nervam
967 512 1048 592 imp.
1076 511 1264 593 professus,

174 612 367 678 Secundum
382 618 530 674 nostrum
554 611 636 674 nihil
660 613 785 676 nisiex
810 613 951 676 consilio
970 631 1033 676 suo
1048 612 1181 688 secisse,
1201 619 1264 678 duc.
1362 661 1368 668 .

174 713 241 793 Ep.
257 728 307 774 ιν.
323 711 378 778 17.
422 710 589 774 Praeterea
601 712 775 776 abeodem
799 718 864 775 ‘ex
879 713 1164 795 liberalitateimp.
1182 714 1265 777 Ner-

174 831 229 876 vae
258 813 409 874 emendis
438 811 694 894 dividendisque
721 814 809 895 agris
839 813 969 894 adjutor
997 821 1168 876 assumtus
1194 813 1265 876 est’

67 991 71 996 Ι
176 913 343 976 Claudius
360 913 472 976 Pollio
488 911 606 975 Nostri
622 913 814 986 commilito,
826 911 891 994 Ep.
904 929 970 976 vrr.
983 913 1037 976 31.
1069 913 1264 991 Quinimmo

175 1013 286 1076 adbuc
301 1020 469 1096 superstes
484 1019 554 1075 erat
569 1011 743 1090 Corellius,
759 1033 836 1076 cum
848 1012 980 1076 Plinius
992 1013 1143 1076 Helvidii
1159 1013 1265 1076 vindi·

174 1116 339 1177 cationem
354 1116 387 1178 in
403 1121 520 1176 senatu
536 1112 699 1194 suscepit,
724 1113 788 1195 Ep.
807 1127 862 1175 rx.
882 1114 934 1176 13.
956 1113 1111 1176 videlicet
1130 1115 1264 1178 ineunte

175 1216 241 1277 boc
253 1233 308 1277 an.
323 1221 362 1278 ut
376 1217 530 1298 superius
551 1215 686 1278 dictum.
731 1212 846 1291 Quare
861 1222 895 1276 et
910 1212 972 1276 boc
989 1222 1140 1297 tempore
1157 1214 1263 1295 Epist.

178 1331 202 1378 ι.
218 1316 272 1378 12.
288 1335 355 1398 qua
370 1316 501 1380 Plinius
517 1316 652 1381 Corellii
664 1324 799 1379 mortem
820 1315 932 1389 deflet,
953 1324 987 1378 et
1003 1317 1264 1380 recentissimam

175 1417 303 1498 Tyroni
323 1417 458 1491 nuntiat,
481 1417 606 1498 scripta
630 1417 748 1493 suerit3
769 1435 835 1478 non
851 1434 951 1478 secus
973 1435 1012 1478 ac
1028 1415 1092 1496 Ep.
1110 1433 1141 1476 v.
1158 1417 1264 1497 ejusd.

175 1518 236 1580 lib.
252 1528 287 1578 et
302 1517 367 1598 Ep.
383 1533 421 1578 rr.
442 1520 469 1578 l.
492 1517 600 1581 Hisce
616 1537 694 1580 vero
710 1517 796 1599 Epp.
808 1517 943 1580 nullain
960 1515 1077 1579 iisdem
1088 1515 1168 1579 libb.
1183 1518 1265 1578 anti·
1340 1563 1344 1572 .

177 1619 274 1698 quior
295 1637 339 1680 ex
361 1617 458 1682 certis
476 1619 721 1688 characteribus
743 1617 899 1680 affirmari
921 1623 1052 1699 potest3
1074 1635 1264 1698 quanquam

177 1719 287 1798 plnres
303 1728 480 1782 occurrant
495 1719 589 1798 louge
603 1720 811 1782 recentiores.

222 1817 304 1881 Huc
326 1819 427 1881 etiam
452 1803 619 1882 referenda
644 1819 707 1900 Ep.
726 1837 794 1882 v11.
815 1818 869 1882 31.
892 1818 997 1880 videri
1019 1824 1151 1898 posset3
1175 1818 1265 1900 quod

180 1916 341 1994 Nervam,
353 1938 419 1980 nou
435 1919 526 1992 Divi,
542 1919 601 1982 sed
621 1920 831 2000 imperatoris
847 1918 979 1983 nomine
995 1924 1162 1993 memoret,
1181 1938 1264 1982 rern-

180 2037 244 2100 que
267 2016 410 2080 Corellio
432 2020 610 2099 superstite
632 2026 810 2101 peractam.
854 2016 903 2081 At
923 2018 1101 2082 annaliter
1118 2019 1263 2082 Nervam

181 2118 332 2200 appellat
345 2117 408 2199 Ep.
425 2135 477 2180 ιν.
497 2120 547 2185 17.
571 2137 648 2201 quae
664 2126 772 2182 tamen
787 2127 936 2195 exarata,
953 2137 1027 2180 cum
1048 2118 1120 2199 jam
1135 2118 1266 2182 Plinius

180 2219 355 2282 consulatu
385 2219 517 2282 functus
539 2220 676 2300 suisset3
703 2239 829 2283 necnon
852 2220 935 2283 Pan.
958 2240 1030 2301 cap.
1054 2235 1181 2282 xxxv.
1211 2239 1266 2282 an.

70 2325 77 2338 ⁸
180 2319 256 2384 Chr.
281 2335 314 2383 c.
338 2319 439 2397 dicti3
473 2319 619 2383 Nervam
649 2321 845 2402 simpliciter
877 2320 941 2402 Ep.
965 2336 1016 2385 ιν.
1038 2319 1091 2382 16.
1120 2320 1265 2402 Trajano

180 2420 329 2503 principe
351 2424 552 2503 conscripta.
597 2420 765 2485 Praeterea
787 2441 863 2484 cum
885 2439 928 2484 ea
939 2419 1004 2502 Ep.
1019 2437 1087 2482 vrr.
1101 2421 1155 2484 31.
1175 2421 1266 2498 data,

180 2529 252 2584 turn
273 2520 457 2584 ‘Claudius
471 2523 579 2585 Pollio
598 2523 702 2585 otium
725 2522 925 2605 patiebatur,
942 2521 1033 2604 quod
1048 2527 1125 2584 ante
1140 2521 1266 2604 paulis-

180 2639 240 2703 per
250 2623 472 2686 intermiserat
487 2643 506 2685 a
522 2621 669 2698 Corellio
684 2623 818 2707 adjutor
834 2620 1022 2685 assumtus!
1044 2620 1140 2684 Unde
1156 2621 1266 2702 palam

181 2731 244 2798 est,
264 2722 410 2785 Plinium
433 2721 514 2785 ibid.
537 2739 606 2784 rem
628 2722 708 2784 olim
723 2729 861 2802 gestaru,
877 2739 942 2783 non
961 2739 1039 2782 vero
1055 2728 1267 2801 praesentem,

182 2841 328 2886 narrare.
1218 2811 1223 2818 ”

224 2923 269 3011 Et
283 2923 348 2986 hoc
373 2929 525 3004 tempore
540 2922 669 2988 Plinius
685 2926 729 2988 ab
746 2925 829 3006 imp.
841 2925 958 2988 Nerva
977 2922 1087 3006 petiit,
1102 2929 1140 2985 ut
1152 2921 1269 2986 Voco-

181 3025 271 3088 nium
295 3023 484 3086 Romarm
505 3026 539 3086 in
558 3025 800 3106 amplissimum
820 3026 982 3106 ordinem,
1004 3034 1089 3105 pute
1107 3031 1267 3100 senatum,

182 3132 400 3207 promoveret.
444 3123 510 3186 Sed
533 3142 608 3186 cum
633 3129 737 3187 mater
760 3125 907 3188 Romani
922 3125 1154 3186 liberalitatem
1178 3124 1268 3187 H-S.

182 3225 452 3307 quadringenties
465 3223 610 3286 nondum
622 3223 705 3286 satis
718 3224 862 3306 legitime
878 3223 1070 3305 peregisset,
1083 3223 1177 3286 resin
1188 3223 1270 3286 Tra·
1285 3303 1286 3306 Ἴ

178 3327 249 3408 jani
261 3331 411 3408 tempora
425 3325 487 3388 fuit
501 3325 643 3406 prolata,
660 3324 722 3406 Ep.
739 3339 779 3386 x.
794 3326 827 3387 3.
848 3322 928 3387 Vid.
945 3343 998 3386 an.
1014 3342 1085 3405 seq.

226 3425 282 3490 Ab
305 3425 422 3490 eodem
438 3427 520 3506 imp.
536 3424 650 3489 Nerva
667 3425 790 3489 Noster
808 3427 917 3507 petiit,
938 3431 974 3488 ut
998 3432 1127 3490 statuas
1147 3426 1269 3507 princi-

183 3547 276 3611 pum,
300 3531 405 3609 ‘quas
420 3527 453 3588 in
468 3526 657 3609 longinquis
678 3527 776 3608 agris,
789 3527 899 3610 (apud
917 3523 1080 3609 Tuscos)
1094 3527 1181 3590 ultra
1196 3528 1269 3592 150.

183 3627 349 3710 lapidem'
371 3628 415 3690 ab
430 3627 521 3702 urbe,
535 3628 759 3704 custodiebat,
781 3629 986 3710 permitteret
1005 3628 1044 3689 in.
1054 3628 1270 3709 municipium

182 3730 319 3813 (nomeu
332 3728 518 3803 Tifernum,
533 3727 596 3810 Ep.
615 3746 666 3792 rv.
680 3727 730 3812 1.)
751 3728 961 3804 ‘transferre
976 3727 1111 3809 adjecta
1127 3746 1190 3790 sua
1205 3734 1271 3790 sta·

183 3829 261 3892 tua!
305 3827 404 3906 Quod
421 3848 496 3892 cum
508 3825 623 3893 Nerva
640 3830 838 3905 indulsisset,
856 3828 984 3890 Plinius
996 3829 1104 3890 statim
1120 3826 1271 3892 decurio·
1327 3845 1333 3855 ¹

183 3931 283 3993 nibus
306 3930 495 4010 scripserat,
526 3935 561 3993 ut
590 3932 795 4011 assignarent
817 3931 934 4005 solum,
956 3929 990 3990 iu
1020 3945 1086 4010 quo
1109 3929 1270 4008 templum

183 4029 329 4114 pecunia
341 4050 402 4094 sua
415 4037 612 4106 exstrueret,
625 4033 688 4094 &c
723 4029 832 4107 ‘Sed,'
848 4029 1016 4112 subjungit
1027 4027 1084 4090 ille
1096 4028 1139 4090 ad
1154 4029 1269 4114 Traja-

183 4149 276 4203 num,
297 4131 458 4212 ‘primurn
480 4149 568 4205 mea,
590 4130 709 4193 deinde
732 4132 838 4212 patris
860 4133 907 4193 tui
931 4127 1127 4202 valetudine,
1153 4143 1271 4213 postea

185 4232 271 4296 curis
283 4230 425 4313 delegati
440 4250 461 4293 a
471 4231 568 4296 vobis
583 4229 684 4298 officii
699 4229 869 4324 retentusss
882 4233 941 4294 irc.
958 4229 1021 4313 Ep.
1040 4245 1080 4294 x.
1095 4229 1147 4296 24.
