3100 4854
593 365 632 412 ιι.
656 365 761 414 nuru
786 361 967 415 narrem.
1122 441 1127 444 .
1263 351 1329 424 125

232 505 412 593 euspicio,'
433 514 472 573 ut
495 507 654 574 Sidonius
673 516 768 576 notet
783 511 847 594 Ep.
864 526 888 574 1.
903 512 937 576 9.
963 507 1202 578 ‘consulatum
1216 511 1330 580 ineun-

231 609 340 689 tium,'
353 611 439 675 hunc
455 629 575 676 annum
591 620 794 694 coemerunt
809 613 942 697 priuati.

273 713 440 799 Trajanus
452 714 516 778 sub
532 714 676 778 medium
691 734 825 793 annum,
838 714 947 800 inquit
958 711 1101 792 Plinius,
1117 735 1136 778 e
1151 713 1331 786 Germania
1384 734 1389 744 ’

231 819 266 883 iu
280 816 409 882 Urbem
424 815 539 894 redux,
558 815 728 880 AElianum
745 813 944 900 Casperium
970 815 1147 880 seditionis
1169 818 1330 884 adversus

231 921 383 985 Nervam
397 919 556 982 excitatae
579 916 712 995 ducem,
736 923 842 1003 atque
865 919 950 985 adeo
974 918 1081 1002 ipsius
1104 917 1229 984 Nervae
1256 941 1330 1004 per·

229 1039 402 1087 eussorem
425 1017 468 1082 ad
493 1038 529 1082 se
551 1024 725 1084 evocatum
748 1020 859 1104 puniri
882 1025 989 1084 morte
1004 1018 1112 1102 jubet.
1156 1020 1262 1086 Venit
1286 1023 1331 1088 ad

230 1122 370 1188 comitia
385 1129 547 1203 tanquam
562 1121 760 1186 candidatus
775 1121 866 1187 tertii
881 1122 1085 1188 consulatus.
1120 1121 1254 1188 Nomen
1269 1144 1335 1208 pa.

231 1225 292 1288 tris
306 1223 426 1306 patriae
441 1241 529 1304 aegre
549 1221 730 1286 admodum
753 1225 863 1301 sumit,
887 1223 978 1306 quod
999 1224 1033 1286 in
1050 1224 1197 1306 publicis
1212 1245 1330 1290 moun·

230 1325 352 1396 mentis
373 1323 508 1400 nonnisi
531 1329 611 1405 post
633 1330 766 1388 sextum
794 1325 1006 1389 consulatum
1029 1325 1131 1390 inseri
1156 1329 1331 1411 permittit.

231 1428 301 1492 Dat
317 1426 447 1510 populo
461 1422 666 1508 spectacula.

270 1591 338 1658 An.
352 1589 398 1660 U.
412 1592 451 1658 G.
467 1608 649 1658 ncocnrn.
672 1590 751 1657 Chr.
767 1609 799 1656 c.
821 1591 962 1676 Trajaui
973 1607 1033 1656 ιιι.
1056 1592 1168 1656 AEtat.
1185 1603 1293 1656 xnvr.

274 1711 362 1776 (lum
383 1711 547 1796 Trajunus
568 1711 702 1775 tertium
725 1717 821 1776 esset
842 1711 961 1776 consul
984 1709 1140 1775 Cornelio
1157 1708 1329 1774 Frontone

231 1815 372 1896 collega,
388 1812 427 1878 C.
441 1813 574 1877 Plinius
590 1811 750 1877 Gaecilius
767 1811 946 1876 Secundus
961 1817 994 1876 et
1006 1811 1173 1876 Cornutus
1196 1809 1330 1875 Tertul-

231 1916 287 1980 lus
301 1916 513 1980 bonorarium
527 1913 739 1979 consulatum
761 1915 930 1997 accipiunt
951 1914 985 1976 in
1007 1931 1156 1977 mensem
1177 1911 1329 1994 Septem*

230 2019 332 2082 brem.
376 2013 442 2081 Ille
459 2017 567 2099 primo
582 2015 782 2081 consulatus
796 2017 848 2080 sni
860 2015 916 2080 die
929 2016 1018 2080 banc
1030 2013 1209 2097 gratiarum
1225 2013 1331 2079 actio-

232 2137 308 2183 nem
327 2118 478 2204 Trojano
492 2118 592 2196 dixit,
607 2124 644 2184 ut
658 2117 766 2183 fusius
780 2119 815 2183 in
837 2115 921 2184 Vita
941 2117 1048 2183 Plinii
1069 2115 1330 2182 demonstratum

231 2225 292 2288 est.

261 2386 327 2451 An.
343 2384 389 2449 U.
405 2385 445 2451 C.
469 2403 646 2450 ncccnrv.
670 2386 747 2452 Chr.
763 2404 811 2454 cr.
833 2385 974 2472 Traiani
992 2405 1041 2453 ru.
1056 2387 1164 2451 AEtnt.
1180 2395 1308 2451 xnvrr.

274 2503 441 2588 Trajauus
457 2495 629 2568 Decebalo
655 2503 826 2570 Dacorum
846 2505 916 2587 regi
930 2504 1031 2588 pendi
1047 2525 1068 2568 a
1084 2499 1249 2570 Romanis
1272 2502 1330 2566 tri⁴

231 2609 313 2672 buta
326 2625 414 2687 aegre
429 2605 551 2682 ferens,
574 2606 714 2689 trajecto
732 2626 794 2689 per
809 2612 944 2690 pontem
960 2606 1121 2672 Danubio
1137 2605 1330 2690 impositum

233 2709 400 2785 exercitu,
416 2709 510 2772 illum
531 2707 695 2784 adoritur,
717 2716 753 2772 et
775 2709 922 2774 territum
945 2707 1189 2792 adpetendam
1209 2723 1332 2790 pacem
1376 2707 1379 2712 ’

231 2809 346 2892 adigit.
382 2809 534 2876 ItaDio.

254 2975 321 3040 An.
337 2977 381 3040 U.
397 2976 437 3042 C.
454 2990 614 3040 occonv.
644 2975 722 3040 Chr.
739 2993 805 3041 οιι.
826 2976 965 3062 Trajani
981 2993 1017 3042 v.
1038 2977 1146 3042 AEtat.
1167 2988 1309 3040 xnvrrr.

277 3092 485 3172 DecebaluS,
499 3093 635 3158 uiolatis
651 3094 748 3174 pacis
767 3092 1030 3166 conditionibus,
1048 3100 1152 3176 atque
1169 3092 1256 3157 adeo
1268 3091 1327 3156 de-

232 3198 332 3262 tectis
360 3215 446 3279 quas
478 3211 571 3277 saepe
594 3193 741 3276 Trajano
765 3199 937 3259 struxerat
960 3192 1104 3267 insidiis,
1138 3193 1262 3256 veritus
1287 3212 1330 3255 ue

232 3315 332 3380 regno
355 3299 481 3362 amisso
506 3299 607 3363 vivus
634 3295 769 3379 insuper
793 3295 869 3380 ipse
887 3301 1077 3381 caperetur,
1101 3298 1243 3360 mortem
1264 3293 1332 3359 sibi

233 3401 310 3484 ipse
326 3400 517 3465 consciscit.
561 3399 618 3464 Ita
634 3399 750 3464 scribit
764 3398 844 3464 Dio.

255 3565 430 3633 An.1J.c.
445 3583 619 3632 noconvr·
643 3565 721 3633 Chr.
741 3583 822 3631 cnr.
848 3565 1050 3650 Trajenivr.
1071 3566 1310 3630 AEtat.xn1x.

275 3683 440 3771 Trajanus
455 3688 587 3750 mortuo
602 3685 777 3750 Decebalo
801 3685 943 3750 Daciam
963 3685 997 3748 in
1016 3681 1182 3748 Romanae
1197 3681 1331 3764 provin·

235 3790 297 3854 niae
310 3789 449 3853 formam
463 3787 594 3870 redigit.

225 3931 229 3943 '
270 3941 337 4004 An.
356 3937 662 4003 U.G.ncocnv11.
686 3937 766 4002 Chr.
781 3953 856 4002 civ.
877 3935 1017 4021 Trajaui
1034 3951 1101 4001 vu.
1135 3931 1243 3998 AEtat.
1260 3950 1294 3999 n.

276 4057 424 4142 'lbajano
447 4062 528 4139 post
547 4054 712 4119 Dacioam
737 4055 916 4120 victoriam
941 4055 976 4118 in
1000 4032 1128 4117 Urbem
1145 4049 1332 4116 revertenti

234 4161 402 4226 variarum
423 4158 570 4242 gentium
585 4157 765 4240 legationes
781 4161 975 4237 occurrunt;
1001 4155 1076 4238 ipse
1091 4152 1133 4218 de
1149 4153 1256 4220 Dacis
1272 4153 1329 4218 tri-
