3050 4842
400 497 404 502 Ι
451 424 506 474 sn
528 417 809 474 rsunerarcnsr
834 415 967 473 resurr.
1193 407 1267 478 tm·

161 564 189 616 ia
199 569 232 617 te.
256 564 403 630 Disputari
412 569 642 627 commentatores,
652 563 685 614 ed
696 563 765 632 quod
777 563 924 629 exemplum
941 563 1088 628 adoptionis
1100 567 1264 632 respiciatur,

162 653 313 711 postquam
329 659 414 708 nuper
434 659 486 694 noo
502 643 615 694 desierit
634 644 739 700 suffitio,
765 644 812 694 sed
837 644 968 709 eruperit?
995 645 1108 707 lipsius,
1127 635 1265 712 cellarius,

162 724 331 789 Arateenins,
346 725 478 775 Gesnerns
490 721 610 773 referunt
625 724 658 773 ad
676 725 799 788 Galbam,
811 725 856 788 qui
872 724 1046 788 adoptaverat
1055 725 1197 791 Piseuero;
1214 730 1264 779 oa·

162 814 273 864 uuas,
291 807 432 870 liriaeius,
449 805 576 865 Baudius‚
590 805 784 868 iiesnepgerus,
802 812 829 854 et
846 806 970 867 Patarei,
981 805 1015 867 ad
1039 806 1164 864 Nervam,
1180 824 1197 858 a
1213 824 1264 876 quo

164 887 306 950 adoptatus
326 894 368 936 est
386 886 522 950 Traianus.
555 886 623 936 Mibi
641 886 802 950 probabilius
818 892 871 952 est,
887 887 975 950 potius
995 888 1109 953 proponi
1119 891 1270 952 exemplum

165 966 282 1028 Pisonis,
291 981 368 1030 qnam
377 965 486 1030 'trajani
502 965 643 1030 adoptatis
656 965 718 1030 quia
726 966 832 1030 Plinius,
837 966 936 1017 diserte
948 967 998 1030 sit,
1006 967 1136 1032 adaptate
1143 970 1267 1034 Traiano,

165 1047 255 1098 statim
266 1046 374 1096 desiisse
392 1046 560 1110 seditionem,
568 1052 596 1095 et
614 1046 764 1097 consedisse
781 1060 885 1096 omnem
902 1048 1057 1119 mmultnm3
1075 1063 1134 1113 qrrsa
1152 1051 1269 1107 narratio

165 1141 225 1191 carn
241 1125 348 1176 lsiateria
357 1126 485 1189 Xipbilini
497 1125 632 1188 convenit,
649 1127 692 1192 qui
705 1127 799 1190 etipse
815 1126 910 1190 refert,
921 1134 985 1178 tune
1002 1129 1078 1179 illico·
1090 1143 1273 1194 compressum

166 1203 248 1256 fuisse
258 1207 472 1270 praetorianorum
488 1207 636 1261 tumultum,
647 1220 722 1272 quern
735 1206 891 1270 Calpuririsrs
902 1210 1025 1272 Crassus,
1038 1210 1192 1260 elAEiinnrss
1204 1213 1267 1262 cas-

168 1287 254 1350 perior
263 1287 431 1336 excitarant:
448 1287 577 1351 quomodo
588 1286 672 1350 igitur
682 1299 751 1336 nrruc
761 1287 793 1336 de
805 1287 896 1338 eadem
916 1288 1056 1352 adoptione
1065 1290 1167 1354 Trajaui
1179 1291 1267 1344 dicere

168 1366 311 1429 patuisset,
319 1372 373 1429 post
382 1382 492 1417 eorum
505 1367 603 1416 desiisse
613 1366 761 1423 seditiosum,
772 1368 936 1432 reccepisset
970 1369 1022 1417 Seri
1035 1369 1111 1419 aliter
1122 1385 1151 1420 se
1171 1385 1214 1422 ses
1224 1373 1267 1422 bar

168 1446 250 1500 luebat
260 1461 319 1496 cam
335 1446 479 1510 adoptione
498 1447 609 1496 Pisonis.
641 1447 772 1512 Equidem
787 1448 835 1498 sub
847 1447 947 1512 Galba,
951 1448 1080 1513 jamaute
1091 1446 1276 1517 adoptionem„

168 1541 198 1576 se
209 1535 346 1576 mearant
356 1527 491 1576 enrcitns
510 1527 653 1590 superioris
670 1525 839 1591 Germaniam
853 1529 943 1580 Rome
958 1536 1046 1580 tanuen
1062 1545 1118 1579 non·
1131 1531 1182 1581 nisi
1197 1533 1269 1594 cisra·

168 1606 272 1660 dastina
282 1606 367 1658 adbuc
375 1622 391 1657 a
399 1606 533 1659 seditiosis
542 1607 687 1671 agebantur
698 1607 816 1658 consilia.
850 1609 915 1660 Cum
927 1609 1016 1678 itaque
1028 1609 1113 1660 Galba
1123 1609 1201 1662 ieeile
1211 1625 1279 1662 sesa·v

169 1687 243 1749 thet,
253 1701 326 1738 suam
338 1693 502 1738 senectutem
513 1687 709 1751 multarumque
718 1688 829 1752 ctepisse
841 1703 899 1738 esse
909 1687 1014 1756 fastidio
1024 1709 1036 1752 ·,
1048 1690 1174 1742 Pisonem,
1189 1691 1270 1755 Frugi

169 1767 334 1818 Licinianum
343 1777 454 1832 repente
471 1783 487 1816 e
498 1768 585 1818 media
604 1768 775 1818 salutantium
786 1767 863 1818 turba
878 1769 1066 1832 apprehendit,
1081 1771 1214 1836 filiumque
1225 1786 1272 1836 ep„

170 1848 282 1910 pellas,
288 1849 413 1911 perduxit
422 1849 448 1898 in
459 1855 560 1912 emtus,
574 1862 605 1898 ae
616 1862 664 1912 pro
679 1849 805 1898 concinne
821 1847 969 1912 adoptarit.
1002 1850 1069 1902 Quae
1081 1849 1188 1920 adoptio
1200 1866 1280 1914 rere,¹
1305 1879 1307 1889 ι

170 1937 273 1977 tanturn
286 1928 374 1991 abest,
383 1938 414 1978 nt
422 1928 525 1980 felicem
537 1928 658 1978 hebuerit
669 1929 778 1991 mitum,
787 1935 817 1977 nt
826 1929 881 1992 jam
893 1930 976 1978 mullo
988 1931 1076 1994 plures
1087 1931 1274 1995 grauioresque

169 2007 261 2058 inritas
271 2010 403 2071 excitarit,
414 2010 452 2059 ila
464 2017 492 2060 ut
508 2024 569 2060 moa
583 2010 640 2074 ipse
650 2009 736 2060 Galba
748 2009 848 2072 pariter
862 2016 942 2072 atque
953 2009 1016 2057 Piso
1028 2023 1043 2057 s
1055 2010 1273 2059 tumultuantibus

170 2086 269 2138 t‘uerint
290 2089 425 2139 trucidati.
459 2089 493 2139 Id
509 2090 588 2155 quod,
604 2103 663 2140 curn
682 2089 824 2140 Suetonius
842 2089 868 2138 in
885 2087 951 2150 iiiia
970 2088 1076 2151 Galbae,
1093 2095 1148 2138 tum
1166 2089 1273 2139 Tacitus

171 2167 244 2224 iiist.
256 2181 276 2217 r.
289 2172 331 2218 lc.
350 2173 391 2219 tc.
407 2176 435 2217 et
455 2172 495 2219 18.
512 2169 629 2232 pluribus
645 2174 859 2218 commemorant.
893 2167 980 2219 Recte
999 2182 1061 2230 ergo
1079 2167 1169 2218 dicere
1187 2170 1275 2232 potuit

171 2247 283 2304 Plinius,
303 2253 364 2310 post
383 2247 553 2312 adoptionem
570 2248 674 2298 Pisonis
689 2248 846 2298 seditionem
867 2249 978 2312 coepisse
994 2249 1109 2313 apertius
1128 2263 1276 2314 erumpere,

171 2327 402 2394 uehementiusque
422 2329 448 2377 in
469 2329 612 2392 perniciem
632 2329 782 2393 adoptantis
797 2329 879 2393 juxta
896 2343 927 2379 ae
942 2329 1064 2393 adoptati
1083 2331 1275 2394 ingravescere.

172 2407 317 2469 comparat
328 2408 393 2458 adeo
412 2415 502 2459 orator
520 2423 554 2459 ex
574 2409 715 2475 adoptione
734 2409 876 2472 Tssjsnnrn
895 2421 956 2458 cum
974 2409 1086 2471 Pisones
1100 2409 1276 2472 utustendlrt,

172 2486 250 2550 butus
262 2501 401 2552 personam
412 2487 494 2538 fuisse
510 2488 608 2552 populo
620 2489 736 2537 Romano
753 2488 869 2538 odiosam
881 2503 890 2547 ς
906 2487 976 2536 iilius
988 2501 1050 2536 rero
1061 2489 1167 2551 Traiani
1178 2489 1274 2552 grado·

173 2580 229 2616 sam
240 2574 269 2616 ct
277 2572 439 2634 exoptatam.
472 2569 501 2617 Si
514 2567 616 2617 Plinius
627 2567 660 2617 de
667 2567 723 2616 scia
732 2567 838 2629 Traani
850 2566 995 2630 adoptione
1003 2567 1147 2616 orationem
1159 2570 1278 2618 continu·

173 2654 254 2704 asset,
264 2661 315 2697 nun
327 2645 406 2698 facile
423 2647 560 2698 additurus
571 2645 664 2696 fnisset
677 2647 834 2708 particulam
850 2659 934 2710 saper,
946 2661 999 2711 qua
1014 2647 1150 2710 audituris,
1167 2649 1210 2696 sei
1225 2648 1277 2696 lec·

174 2727 238 2776 toris
261 2726 375 2777 animum
387 2729 466 2792 quari
485 2727 520 2776 ad
539 2725 610 2776 aliud
631 2727 780 2792 exemplum
801 2726 931 2775 avocavit.
963 2727 1008 2775 Ita
1027 2739 1122 2789 nempe
1137 2727 1275 2792 aliquoties

173 2807 313 2872 Trajauum
326 2813 464 2871 comparat
479 2821 537 2856 euru
549 2806 635 2870 aliquo
647 2805 781 2868 superiore
797 2805 961 2868 Imperatore
974 2821 983 2867 ;
997 2820 1025 2856 a.
1036 2821 1061 2869 g.
1073 2811 1155 2856 xus.
1172 2809 1277 2860 ‘Quam

174 2885 306 2936 dissimilis
325 2900 410 2949 nuper
428 2886 536 2935 alterius
554 2885 687 2948 Principis
712 2883 862 2934 transitum*
892 2885 958 2952 Cap.
981 2897 1081 2936 xsvsrr.
1096 2891 1121 2934 s.
1137 2887 1279 2938 ‘itenere

175 2979 244 3029 mor,
267 2965 421 3029 resistimus,
442 2971 474 3015 nt
493 2965 520 3014 io
542 2964 673 3015 commori
691 2963 779 3027 domo,
798 2979 875 3031 quam
893 2979 976 3032 nuper
992 2967 1176 3018 immanissima
1191 2969 1287 3020 belina·

176 3047 288 3112 plurimo
300 3055 401 3097 terrore
412 3045 558 3097 munierat?
592 3046 731 3097 Faiiuutur
743 3061 815 3102 rere,
827 3046 873 3111 qui
888 3053 993 3112 putant,
1004 3055 1113 3112 propter
1121 3050 1278 3114 particulam

176 3143 262 3192 suaper,
273 3129 322 3178 irec
338 3127 487 3191 exemplum
506 3139 558 3177 non
575 3139 651 3191 posse
669 3125 766 3176 referri
782 3125 815 3174 ad
833 3125 955 3175 Pisonum
972 3141 987 3175 s
1004 3124 1289 3192 (inibaadoptntum'3'

178 3208 301 3276 queniam
313 3208 355 3273 bic
366 3221 419 3258 uon
428 3221 512 3270 asper,
530 3205 637 3270 sedjsm
649 3205 749 3270 pridem
763 3205 881 3268 perierit.
914 3205 1001 3256 Periit
1016 3215 1103 3257 autent
1115 3208 1200 3258 (inlisa
1215 3220 1287 3258 anuo

178 3295 242 3354 port
252 3287 384 3338 Christum
397 3294 487 3336 astum
501 3289 543 3335 ott.
559 3285 659 3335 decimo
672 3284 764 3350 quinto
775 3283 967 3346 decursurum
984 3285 1126 3352 adoptatus
1145 3289 1282 3354 estTraJs·

178 3383 228 3420 nus
246 3383 262 3418 a
279 3367 370 3418 Nersa
388 3371 508 3416 anneot.
526 3380 614 3416 mense
632 3365 791 3430 Septembri,
808 3363 857 3415 boe
874 3373 924 3430 est,
936 3367 1028 3430 viginti
1045 3374 1105 3418 octo
1120 3368 1195 3418 annis
1212 3376 1283 3432 pust.

178 3450 218 3500 At
229 3463 280 3499 unx
290 3462 367 3512 saper
375 3461 426 3498 non
441 3461 499 3497 raro
512 3449 539 3498 ἐν
548 3445 636 3498 πλάτει
648 3447 786 3510 accipitur.
820 3447 875 3496 Cic·
889 3447 968 3498 verr.
981 3461 1013 3498 rr.
1021 3451 1063 3498 lli.
1075 3450 1121 3512 ait,
1135 3441 1241 3514 'urspe'r
1251 3451 1282 3500 b.

180 3529 282 3582 Licinio
297 3533 326 3577 et
337 3528 389 3581 Qu.
399 3521 486 3578 Mutis
503 3527 587 3579 Coss?
603 3529 648 3593 qni
664 3535 726 3579 ante
737 3543 819 3579 annos
831 3541 899 3579 xxv.
918 3530 1043 3580 Consules
1053 3528 1173 3582 vfuerant.
1205 3531 1282 3581 ’l'aei-

180 3616 235 3674 tus,
246 3609 301 3674 qui,
312 3607 569 3660 dorsumdurum.
582 3607 728 3673 Vossio,de
748 3608 889 3659 Historicis
905 3609 1017 3672 Latinis,
1026 3609 1129 3660 demum
1145 3615 1206 3673 post
1216 3623 1282 3659 mer·

181 3697 236 3742 tem
251 3689 360 3752 Nerrrc,
372 3687 489 3752 adeoque
501 3695 560 3752 post
575 3702 671 3738 annum
689 3689 786 3739 Christi
796 3693 838 3738 98.
854 3689 934 3739 libros
951 3704 1011 3738 suos
1023 3689 1200 3739 Historiarum
1213 3689 1282 3739 scri-

180 3771 244 3822 bere
253 3783 360 3821 esorsna
371 3775 420 3824 est,
433 3768 505 3818 Hist.
516 3783 555 3819 ιν.
567 3771 607 3817 lt.
623 3767 788 3818 nibilominus
799 3769 849 3830 ait,
859 3769 968 3832 ‘Nuper
980 3775 1062 3825 certe,
1074 3783 1143 3816 causo
1155 3769 1283 3819 Quintilio

182 3851 265 3908 Varo,
277 3849 352 3914 pulsa
367 3863 383 3898 e
401 3848 545 3899 Germania
562 3847 691 3898 seruitus?
722 3848 783 3900 dara
803 3854 889 3898 autern
909 3848 1051 3899 Qttintilius
1068 3848 1165 3909 Varus,
1182 3849 1285 3911 legatus

182 3945 233 3997 pro
245 3936 369 3994 pretore,
380 3944 439 3980 curu
451 3929 535 3978 tribus
544 3927 690 3992 legionibus
702 3928 736 3977 sb
747 3926 865 3978 Arminio
877 3942 958 3977 cassus
968 3933 1019 3990 est,
1029 3926 1064 3978 A.
1075 3929 1110 3977 U.
1119 3929 1149 3977 C.
1158 3931 1216 3978 tel.
1227 3929 1283 3979 siue

184 4011 220 4062 Α.
231 4010 262 4062 C.
279 4015 319 4062 ιο.
336 4010 456 4075 adeoque
478 4015 542 4060 ante
558 4023 642 4060 susos
656 4010 767 4060 circiter
786 4013 827 4060 8⁸·
860 4009 944 4058 Plura
960 4009 1083 4074 exempla
1098 4005 1177 4058 affert
1194 4013 1285 4058 noster

184 4091 316 4158 quondam
328 4092 465 4155 Repertus
473 4091 506 4140 ad
519 4089 686 4142 Euchirirllon
697 4089 846 4156 Pomponii,
859 4105 886 4156 p.
897 4093 955 4141 let.

252 4349 341 4414 Debris.
350 4357 375 4402 et
388 4351 522 4402 tractu.
662 4349 759 4412 ‘Possm
775 4345 828 4400 Vct.
