3050 4842
240 343 307 410 874
566 327 785 414 seuwuaarr
811 365 1016 418 axeneone

240 517 299 554 mea
309 501 394 552 edlrne
406 503 488 568 megia
500 503 711 564 confirmabatur,
728 521 786 556 curn
799 523 857 558 mox
870 507 938 558 torte
950 510 1091 562 inciderem
1102 511 1128 560 in
1139 511 1184 563 Jo.
1194 514 1339 567 aridiora·

238 583 310 631 nnrii
321 581 414 632 librum
425 597 518 633 norum
528 584 755 643 Obeerrationuat,
772 588 816 638 ubl
828 589 850 637 ir
861 591 945 639 laeum
958 591 1107 640 Plininnum
1117 592 1237 642 rimiliter
1247 609 1339 645 renare

240 664 364 714 institnit.
397 664 449 714 Sed
464 665 598 715 audiamur
613 667 706 732 iprum,
715 683 776 732 cap.
793 672 832 718 lli.
845 669 882 718 ita
893 670 926 718 de
938 671 1072 733 properito
1083 672 1142 721 loeo
1152 673 1321 724 disserentem
1330 693 1340 728 e

237 743 354 794 ‘Vitium
367 743 582 802 manifestarium,
594 746 689 810 dequo
701 748 815 797 tollendo
825 748 911 799 adhuc
921 763 982 813 epea
993 750 1105 814 exiguo.
1117 781 1153 801 ...
1165 753 1220 802 Noe
1229 761 1342 818 qnataor

239 827 351 890 errlpto·
362 827 437 890 hujae
449 829 611 890 potieeinurnr
623 828 673 876 loei
684 843 775 879 eaneae
786 829 976 894 eonenlnimne3
987 832 1012 879 in
1022 831 1115 895 qniboe
1126 845 1176 881 non
1186 836 1341 900 antemodo,

240 905 287 955 red
308 921 412 970 prorsur
432 906 525 956 lacuna
542 913 615 968 eret;
642 908 769 958 carebant
792 911 861 958 enim
883 910 921 959 lrir
940 911 1036 968 rerbir,
1052 927 1170 976 peperere,
1188 911 1250 977 quad
1271 917 1339 965 mode

238 987 319 1035 haelee
333 987 472 1037 iurauerant
486 993 711 1051 contemeerantque.
744 989 843 1039 contre
862 1004 926 1053 quar
948 1000 1034 1041 tamea
1051 991 1167 1042 feremur
1186 995 1252 1056 elilr,
1268 997 1339 1046 nude

238 1066 295 1114 hee
307 1067 416 1131 primurn
429 1068 587 1118 rtrntedita:
606 1083 663 1117 nero
677 1071 697 1119 ei
710 1069 767 1133 qnia
786 1071 928 1120 andeoulne
945 1087 977 1121 ea
993 1073 1161 1136 rnbdidireet,
1176 1075 1337 1138 requentinm

239 1147 329 1211 ntique
341 1147 390 1196 illie
400 1162 563 1212 quocumque
575 1149 651 1199 modo
663 1151 835 1214 aptandornrn
855 1161 883 1200 et
902 1167 989 1202 cutam
1007 1153 1149 1204 ltebaieret.
1183 1155 1339 1205 contextam

239 1235 326 1276 eutem
338 1228 462 1277 orationis
471 1243 562 1278 carere
574 1230 622 1279 illie
634 1245 684 1278 oon
697 1245 782 1294 poree,
794 1233 983 1283 animadvertet
994 1247 1027 1283 ex
1038 1249 1078 1295 eo,
1091 1249 1142 1298 qno
1154 1235 1340 1301 aorjnrernate

238 1322 302 1372 qnos
314 1307 445 1371 inspector
457 1308 529 1359 nobie
540 1310 616 1359 ruodo
626 1312 784 1362 dicebamur.
817 1314 1034 1364 Membreneoene
1046 1315 1244 1379 Arcltiepieoopi
1260 1316 1340 1366 Salia·

238 1389 385 1452 burgensis,
402 1391 443 1454 qui
461 1391 504 1440 hnc
520 1391 597 1454 iprum
615 1393 739 1456 imperium
755 1395 866 1458 quoniam
884 1395 1042 1458 imperatorie,
1060 1395 1125 1456 cuiue
1136 1397 1199 1458 palei
1208 1396 1341 1460 fugatique

236 1471 361 1520 nonaliud
379 1471 455 1531 majus
478 1471 608 1521 habebatur
624 1473 749 1528 inditium,
766 1490 836 1537 quem
854 1476 877 1524 ei
894 1476 1059 1538 triumpharet.
1093 1475 1245 1540 Eodemque
1264 1476 1342 1542 modo,

238 1552 382 1602 Barerieue
391 1553 565 1609 Monacenaia,
577 1553 633 1617 (qui
645 1555 728 1604 codex
745 1556 821 1604 hodie
833 1556 869 1606 iul
881 1555 1068 1620 derideretur,)
1089 1557 1137 1605 niri
1156 1556 1225 1620 quod
1245 1555 1340 1606 deerat

237 1645 288 1680 vox
308 1631 471 1693 Imperatoria.
505 1629 542 1680 At
553 1633 659 1696 Veneti,
677 1636 745 1683 aiter
764 1635 796 1683 D.
808 1636 903 1698 Marci,
919 1651 989 1698 quarn
1007 1637 1182 1700 imperatorem,
1192 1637 1259 1697 eujus
1267 1637 1339 1700 pulei,

236 1711 279 1770 ire.
291 1711 359 1759 alter
369 1710 531 1772 D.Antonii,
542 1699 595 1775 ’ᾆηῖ
605 1713 664 1776 imp.
682 1714 748 1775 eujus
760 1714 833 1776 puisi,
851 1717 892 1778 qu.
909 1714 1004 1763 deinde
1023 1724 1144 1780 uterque,
1159 1714 1342 1778 triumphumn-t

236 1789 307 1838 lltne
318 1805 381 1854 ergo
391 1791 537 1841 Gronoviue
549 1791 642 1841 eadem
656 1794 707 1841 leni
718 1795 861 1843 motatione
872 1795 898 1843 ia
910 1795 989 1844 Plinii
1003 1795 1088 1843 rerbie
1100 1808 1206 1857 parram
1218 1796 1339 1846 laconum

237 1872 352 1934 explerit
363 1887 370 1921 ε
387 1873 428 1936 qui
439 1873 482 1922 hoe
491 1873 568 1936 iprum
577 1873 702 1936 imperium
712 1871 840 1936 peperere?
855 1876 916 1938 quod
929 1875 997 1922 modo
1007 1875 1084 1922 horter
1093 1874 1228 1923 manarant
1237 1879 1338 1923 eontent-

235 1958 369 2016 eermrtque,
385 1955 494 2016 qnoniam
509 1955 641 2018 imperohat
656 1955 686 2016 ie,
701 1956 766 2017 cuiue
777 1955 842 2018 putri
852 1953 981 2018 fugatique
991 1969 1038 2004 noe
1048 1956 1114 2004 eliud
1124 1955 1199 2014 mqp'ue
1208 1953 1339 2004 tammum

234 2035 359 2094 inditium,
376 2050 446 2096 quom
456 2035 477 2085 a·
487 2035 653 2098 triumpharet.
685 2036 744 2086 litei
755 2036 835 2100 igitur
847 2037 874 2085 in
885 2036 935 2085 hoo
948 2036 1139 2098 supplemento,
1150 2036 1172 2083 ei
1182 2035 1339 2084 tententiarn

235 2112 313 2163 Plinii
325 2120 485 2176 spectemur,
496 2113 574 2163 facile
585 2129 718 2178 poeaemur
729 2117 912 2178 aequieeoere3
922 2114 1018 2164 eccidit
1030 2122 1127 2176 tamea,
1137 2121 1240 2175 nt,oarn
1249 2121 1342 2177 postea

236 2199 320 2241 toturn
333 2201 484 2242 contextum
496 2195 572 2256 hnjne
585 2195 743 2258 Panegyrici
755 2207 927 2251 recenserem,
939 2195 1017 2258 paulo
1036 2194 1186 2257 diligentius
1206 2194 1339 2258 expendo,-

141 2329 145 2348 .
236 2271 285 2322 rlta
302 2273 422 2322 rodienrn
441 2275 507 2325 Mae.
523 2274 655 2324 varianter
672 2275 809 2336 leotlonea,
826 2277 858 2325 ed
877 2276 944 2324 itane
962 2275 1045 2324 locum
1064 2281 1208 2335 annotatae,
1226 2274 1338 2334 maxime

235 2366 297 2402 rero
309 2368 376 2415 eam,
394 2369 469 2417 qnam
481 2354 629 2405 Gronovius
642 2353 801 2418 produxerat
811 2369 845 2402 ex
857 2353 948 2403 oodiee
959 2353 1160 2416 salisburgenri,
1169 2352 1255 2418 (enjue
1265 2355 1341 2420 cadi-—

226 2433 272 2482 ⁴ele
293 2434 353 2482 mihi
371 2435 450 2484 etiam
469 2435 593 2499 deine-epe
610 2427 644 2484 ad
663 2436 878 2499 aliquotmenaee
890 2434 1339 2498 perelementertaetueeteopiep)

233 2515 277 2565 obi
289 2515 391 2567 reilioet
402 2515 523 2566 librariae
535 2517 686 2581 eeripaeret,
703 2517 813 2580 quoniam
824 2517 988 2580 Imperatoria.
1023 2517 1055 2565 In
1067 2531 1120 2580 qua
1130 2516 1259 2580 eotiptura
1271 2517 1338 2566 enli-

235 2609 324 2662 qnam,
341 2610 448 2663 eamque
469 2611 565 2660 reram,
582 2599 720 2648 lectionem
738 2601 821 2647 latere
833 2596 1002 2660 deprehendi,
1019 2595 1156 2645 dummodo
1169 2609 1218 2644 roa
1231 2599 1339 2660 Impera·-

233 2671 305 2737 t'orie,
320 2689 379 2741 quae
394 2690 442 2742 per
460 2677 580 2726 inertiam
602 2678 700 2727 liltrarii
720 2692 752 2726 ex
771 2679 871 2726 duabna
882 2677 990 2726 vocibua
1002 2677 1108 2736 coaluit,
1125 2677 1249 2726 rorantia
1261 2675 1341 2736 dm

234 2755 369 2819 Imperator
378 2758 409 2813 ie,
422 2757 571 2820 diducatur,
581 2765 610 2806 ut
621 2759 647 2806 in
659 2767 793 2821 porterum
806 2759 843 2806 ite
854 2757 970 2819 legamae
979 2756 1047 2809 hano
1058 2757 1142 2805 locant
1154 2755 1338 2818 integriorem

233 2835 287 2885 iliae
296 2842 386 2887 aeterra
395 2842 419 2887 et
430 2837 541 2899 antiquet
554 2837 680 2893 terrum,
697 2839 740 2900 qui
756 2838 799 2886 har
815 2837 892 2900 iprum
909 2836 1036 2899 imperium
1050 2839 1176 2898 pepererel
1190 2836 1251 2898 quad
1268 2837 1343 2904 mode,

233 2918 312 2966 horter
321 2917 458 2966 invaserant
468 2921 700 2978 contemneretque.-
711 2915 822 2978 quoniam
830 2917 958 2978 imperator
967 2915 998 2970 ir,
1008 2915 1073 2976 etum
1081 2913 1280 2978 peirisugete‘que
1288 2929 1342 2987 aaa:
1375 2969 1376 2978 ,

233 2996 300 3046 aliud
311 2997 387 3057 mqp'ue
397 2996 526 3049 hahehatur
536 2996 660 3058 indicium,
671 3011 741 3061 quam
751 2997 773 3045 ei
783 2996 948 3058 triumpharet.
981 2995 1053 3044 Nilril
1069 3009 1130 3044 sene
1147 2995 1196 3050 hac
1213 2995 1335 3056 eruenda,-

233 3077 306 3128 tiooe
320 3084 408 3140 potent
418 3091 476 3127 erae
488 3077 652 3127 verisimilius
662 3093 669 3139 3
679 3078 742 3126 nihil
754 3077 834 3127 Plinii
846 3077 976 3126 sententia
987 3085 1016 3126 et
1026 3076 1144 3126 dictione
1155 3075 1267 3138 dignior.
1291 3076 1336 3131 ste

233 3161 275 3208 rel
287 3173 320 3208 ex
332 3161 407 3208 tunlue
419 3159 517 3208 eodioia
527 3159 655 3222 aoriptnra
666 3173 754 3208 veram
773 3159 912 3207 lectionem
931 3157 1058 3216 eruimna3
1075 3170 1134 3206 nent
1145 3162 1174 3205 et
1185 3156 1217 3207 ab
1230 3170 1281 3205 uao
1292 3171 1336 3206 eor

233 3239 294 3289 dice
307 3239 445 3304 aliquando
462 3239 559 3290 terreri
579 3246 668 3302 potent
685 3241 766 3289 leotio
778 3239 877 3300 νοτίοις
895 3238 1011 3302 quemrie
1022 3236 1056 3286 ed
1068 3237 1135 3285 lutuno
1147 3237 1231 3284 loram
1243 3249 1342 3300 ranem,

233 3319 296 3369 drtm
308 3322 387 3370 etiarn
399 3321 442 3368 alii
454 3320 559 3369 codices
571 3333 652 3382 rapre
663 3319 807 3368 enumerati
820 3332 868 3366 uon
880 3327 954 3367 certe
972 3316 1034 3366 nlull
1053 3315 1205 3380 reliquerint
1222 3318 1336 3380 pertigit.

233 3400 277 3450 Sin
287 3401 444 3448 tententinrn
460 3399 583 3448 habemns
595 3399 709 3462 plenem,
724 3407 753 3448 et
764 3407 893 3462 argutam,
906 3407 934 3446 et
947 3411 1005 3446 oum
1021 3396 1080 3457 illia,
1097 3411 1154 3458 quae
1165 3395 1337 3458 antecedant,

234 3489 288 3531 tum
301 3481 362 3540 illia,
373 3493 431 3542 qun
447 3487 601 3542 aequantur,
621 3479 718 3540 optime
736 3478 1030 3541 conuenientierimequa
1049 3475 1259 3539 reapondentern.
1290 3477 1344 3536 Sin,

231 3561 329 3611 nultum
340 3560 453 3608 insolens
465 3557 581 3620 rethma,
598 3558 668 3607 nulla
685 3560 867 3622 incongrueue,
885 3566 929 3608 aut
947 3559 1029 3607 minae
1041 3559 1137 3607 unitate
1148 3555 1340 3622 loquendiiorq

231 3642 302 3692 mula
314 3640 436 3698 ooettrrit,
453 3639 597 3704 cujusmodi
609 3647 676 3702 eret,
686 3640 810 3704 imperium
818 3639 994 3702 pelli,sugari;
1010 3639 1082 3699 itero,
1094 3639 1180 3695 heder,
1190 3637 1258 3698 cuiue
1271 3639 1336 3702 pulei

223 3725 364 3788 fugatique,
379 3726 420 3787 qu·
452 3722 496 3772 Sic
513 3734 597 3786 neque
614 3720 709 3784 frigida
720 3722 850 3773 tententie
863 3720 1011 3769 obtruditur
1022 3719 1117 3773 Pliaio.
1134 3719 1209 3782 quari
1227 3719 1335 3781 dixerit,

232 3807 307 3855 hortis
316 3806 388 3868 pulei,
392 3804 524 3866 fugatique
534 3802 738 3865 indiciumsuieee,
747 3802 770 3852 ei
781 3803 864 3852 Roma
873 3802 1067 3864 triumpharetur.
1100 3798 1194 3861 Irnrno,
1205 3799 1246 3848 rio
1253 3800 1333 3850 etiarn

232 3885 397 3950 perverbum
409 3882 586 3944 emendatum,
603 3883 770 3946 triumpharet,
780 3883 868 3932 omnia
879 3881 1011 3930 noluerent
1028 3879 1127 3939 mellae,
1143 3884 1171 3927 et
1187 3887 1342 3941 congruunt

231 3965 344 4014 ecttrnini
354 3961 578 4026 concinnitatique
590 3961 679 4018 Plinii,
691 3962 735 4026 qni
744 3961 831 4010 alluait
843 3961 876 4010 ad
887 3961 1003 4010 munitor
1014 3967 1042 4008 et
1053 3958 1176 4007 ridionloe
1186 3959 1333 4008 Domitiani

232 4045 384 4106 triumphos,
402 4049 474 4092 notar
493 4041 526 4090 de
545 4041 684 4091 Germania
702 4055 733 4089 ae
750 4040 842 4096 Deoia,
858 4040 977 4105 aqnibae
987 4046 1074 4088 tamen
1084 4038 1143 4098 ipae
1151 4037 1238 4100 petiae
1248 4039 1332 4098 vietae

230 4121 386 4187 urgeturque
397 4121 491 4178 iuerat,
510 4120 619 4170 teatibna
637 4121 738 4181 Taolto,
754 4119 895 4181 xiphlltnn,
913 4119 1062 4169 et.0torio.
1094 4117 1176 4180 Simul
1194 4131 1255 4168 uero
1271 4118 1333 4170 nine

123 4265 126 4272 Ι
230 4209 316 4270 petet,
334 4207 391 4268 quaa
410 4214 452 4254 ree
471 4202 637 4253 oocaeioaem
654 4200 758 4252 dederit
771 4199 1017 4266 teaterotrnptele
1029 4205 1057 4250 et
1069 4196 1332 4274 leoqaminlntnolo·
