3112 4852
558 393 839 442 rnuncxarcus.
885 394 908 439 1.
930 378 982 441 26.
1255 379 1314 446 201

266 539 355 603 Cae.
384 551 498 600 xxvi.
541 538 572 598 l'.
606 535 818 601 Adventante
845 537 1005 619 congiarii
1034 535 1115 612 die?
1142 539 1320 605 observare

220 640 387 724 principis
412 655 584 719 egressum
606 639 638 700 in
655 638 846 719 publicum
868 637 1011 702 insidere
1033 639 1117 715 vias,
1139 641 1321 706 examinat

157 816 161 821 .
221 743 407 817 infantium,
421 739 619 821 futurusque
635 741 800 822 populus⁰
816 740 957 805 solebat.
1000 739 1114 808 Labor
1128 744 1320 824 parentibus

222 847 306 918 erat,
321 846 491 904 ostentare
505 841 676 922 parvulos,
686 842 932 925 impositosque
942 843 1131 906 cervicibus
1146 845 1320 908 adulantia

221 946 335 1019 verba,
366 941 576 1026 blandasque
608 943 738 1020 noces,d
773 944 924 1010 edocere.
978 945 1012 1009 2.
1043 945 1243 1010 Reddebant
1271 947 1320 1012 illi

223 1067 299 1129 quae
317 1045 536 1108 monebantur
549 1056 578 1108 :⁶
601 1055 635 1106 at
649 1045 803 1128 plerique
814 1047 914 1111 irritis
930 1048 1087 1130 precibus
1097 1047 1216 1112 surdas
1232 1049 1319 1130 prin-

254 1237 264 1260 ⁰
283 1232 392 1282 lidebant
401 1233 439 1282 ilii
448 1232 529 1293 vata,
539 1247 592 1295 que
601 1231 751 1286 docebantur.

254 1496 321 1545 Cae.
339 1507 418 1544 xxvr.
451 1501 461 1544 l
483 1495 655 1545 ‘Adventante
666 1513 687 1544 c.
699 1495 751 1560 dte]
769 1494 897 1544 subintel.
909 1495 917 1522 ‘
930 1493 1009 1556 alias,'
1025 1495 1093 1559 quod
1111 1495 1177 1544 male
1193 1496 1321 1546 omissum.

221 1559 314 1620 Seirai.
326 1567 402 1622 putat
413 1560 540 1613 excidisse
550 1561 640 1611 antea.'
667 1561 766 1622 Gierig.
778 1562 804 1610 in
820 1561 870 1612 Ed.
883 1575 936 1612 sec.
970 1560 1053 1610 Codd.
1070 1561 1143 1610 vert.
1165 1560 1278 1624 Garelplr.
1292 1571 1321 1610 et

221 1625 292 1674 Gud.
302 1628 327 1672 l.
351 1639 471 1686 egram
488 1625 615 1686 publicum,
633 1627 725 1674 omissa
745 1625 929 1689 praepositione
940 1625 966 1674 in
973 1641 983 1683 ,·
1000 1639 1077 1688 quarn
1090 1637 1177 1672 omues
1188 1625 1230 1674 alii
1243 1625 1318 1678 codd.

221 1696 249 1737 et
261 1687 322 1738 edd.
334 1697 448 1738 serrant.
481 1690 576 1738 Pater.
587 1690 690 1739 insidere
701 1690 811 1739 examino
822 1690 959 1748 infantiam.
991 1690 999 1749 ξ
1011 1689 1117 1738 Excidit
1137 1703 1170 1737 ex
1185 1690 1233 1738 boc
1251 1692 1319 1752 loco,

221 1760 281 1814 post
294 1754 400 1803 verbnm
410 1753 524 1813 insidere,
535 1767 590 1803 roc.
606 1754 658 1802 cias
665 1770 675 1811 ;
694 1769 839 1818 quanquam
853 1755 922 1803 idem
931 1755 1010 1802 etiarn
1022 1754 1155 1802 omiserint
1167 1755 1320 1811 Beroaldus,
1360 1793 1362 1798 ,

220 1817 367 1876 Manutius,
378 1817 470 1877 Junta,
480 1819 586 1866 Fratres
597 1817 787 1873 vercellenses,
807 1819 869 1866 item
884 1818 1036 1878 Rhenanus,
1054 1817 1202 1874 Asceusius,
1215 1818 1250 1867 Η.
1261 1819 1321 1868 Ste-

219 1881 327 1942 phanus,
341 1882 481 1936 Livineius,
492 1888 519 1930 et
536 1882 698 1930 Boxlrornius
708 1898 716 1941 ;
741 1883 767 1930 id
785 1891 872 1931 tamen
889 1884 945 1944 jam
963 1890 1117 1944 receperunt
1138 1883 1320 1945 Cuspinisnus,

222 1945 364 2009 Grypbins,
375 1945 485 2008 Lipsius,
498 1944 637 2002 Gruterus,
655 1947 828 2006 Parisiorum,
840 1946 1047 2006 Friscbnrannus,
1067 1946 1192 2007 Hackius,
1202 1946 1321 1996 Patarol.

220 2010 302 2058 Cera.
335 2011 461 2060 Restituit
475 2024 537 2073 erpo
555 2019 583 2058 et
594 2009 731 2058 confirmat
746 2011 856 2062 eundern
868 2025 958 2060 rocem
971 2009 1053 2060 codex
1072 2009 1181 2060 niuster!
1200 2011 1322 2060 Scbwarz.

218 2074 354 2139 ‘Tiburis
364 2076 472 2138 optime,
486 2089 535 2122 rana
548 2089 596 2122 vox
609 2073 701 2123 deesse
715 2075 828 2138 videtur,
851 2075 914 2126 mihi
931 2088 982 2122 nna
1001 2088 1146 2136 superesse.
1178 2075 1221 2124 Sic
1239 2076 1322 2138 igitur

221 2139 338 2201 scripsit,
354 2153 411 2186 mea
427 2137 530 2202 quidem
543 2137 683 2194 sententia,
696 2139 809 2189 Plinius:
831 2139 985 2189 Adventante
1001 2139 1120 2200 congiarii
1141 2138 1179 2188 die
1199 2139 1322 2188 obseruare

217 2203 334 2266 principis
353 2217 473 2264 egressum
492 2203 517 2250 in
533 2203 653 2266 publicum
671 2205 781 2252 examina
801 2204 931 2264 insontium
946 2204 1091 2266 futurusque
1107 2203 1205 2266 populas
1223 2203 1321 2254 rotabat.

220 2267 286 2319 Qun
299 2282 314 2315 e
328 2267 438 2330 vestigio
449 2269 688 2328 sequanenses,
702 2271 836 2332 praeterita
848 2283 938 2318 secure
950 2282 1008 2316 esse
1027 2283 1042 2316 a
1062 2274 1103 2316 tot
1118 2267 1229 2332 criticis,
1247 2269 1321 2318 valde

219 2333 307 2380 miror.
339 2332 417 2389 Vide,
429 2346 527 2396 quaeso,
539 2347 571 2381 aa
583 2332 704 2381 dubitare
717 2335 812 2395 valeas,
825 2333 863 2382 ita
874 2334 1001 2398 scriptum
1015 2333 1124 2383 aPlinio
1134 2333 1228 2381 fuisse:
1242 2333 1322 2382 Labor

216 2395 430 2458 parentibuserat,
449 2401 567 2446 ostentare
585 2401 609 2444 te
627 2397 751 2458 parvalis?
770 2399 897 2449 neaman.
931 2396 986 2446 ‘At
1007 2397 1065 2446 brec
1083 2398 1132 2445 riri
1152 2397 1319 2448 eruditissimi

219 2461 372 2523 conjectura
383 2461 436 2510 solo
447 2461 550 2522 iugenio
560 2460 676 2518 fraleitan,
689 2469 717 2510 et
725 2461 837 2512 detrabit
850 2476 937 2512 vocem
950 2475 1025 2524 quarn
1038 2459 1144 2512 difficile
1153 2469 1193 2510 est
1205 2461 1293 2511 dicere
1306 2477 1322 2510 a

219 2523 327 2577 librario
338 2523 419 2573 fuisse
432 2526 569 2582 intrusam,
580 2539 638 2573 curn
651 2540 699 2574 nec
709 2528 826 2588 proxime
838 2525 978 2575 antecedet
990 2525 1031 2572 vel
1042 2535 1176 2588 sequatur,
1187 2540 1238 2588 qua
1250 2539 1322 2574 occa·

219 2589 292 2637 sione
304 2590 357 2638 tale
367 2589 429 2653 quid
442 2603 624 2652 nonnunquam
635 2591 762 2638 conrmitti
771 2591 898 2650 novimus,
908 2598 988 2652 atque
999 2589 1036 2637 its
1051 2589 1084 2636 de
1100 2589 1161 2638 sede
1181 2603 1226 2638 sna
1241 2590 1322 2640 rerba

221 2651 362 2702 deturbari.
395 2652 438 2701 Ad
457 2654 513 2706 bec
531 2668 581 2701 non
604 2655 687 2715 video,
705 2668 751 2706 eur
769 2654 922 2717 desperatus
940 2653 1066 2701 lrabeatur
1084 2655 1165 2713 locus,
1182 2660 1211 2700 ut
1224 2653 1323 2704 urendo

220 2718 333 2767 secando
345 2717 473 2766 medicina
485 2719 520 2765 sit
532 2717 686 2766 adhibenda.
720 2720 777 2768 Nec
789 2718 947 2771 credendum
961 2718 1015 2766 sine
1027 2719 1183 2769 arretorirate
1192 2717 1244 2766 Ms.
1256 2717 1322 2769 bane

219 2782 357 2833 lectionem
371 2783 498 2844 praeferre
511 2782 619 2842 Cuspin.
633 2782 703 2836 Sielr.
714 2781 816 2846 Grypb.
828 2783 899 2846 Lips.
912 2789 939 2830 et
953 2781 999 2829 reli
1020 2796 1075 2833 uos.
1111 2780 1191 2830 Abest
1202 2798 1218 2830 a
1229 2785 1323 2833 nostris

220 2847 364 2910 excerptis,
374 2861 422 2897 nec
439 2847 531 2896 mirum
544 2845 570 2894 id
583 2846 658 2909 adeo,
671 2861 728 2898 crim
743 2848 836 2912 optinui
853 2861 955 2912 quoqne
967 2797 1071 2896 cedices
1084 2844 1137 2894 suis
1157 2845 1256 2894 mendis
1272 2860 1322 2894 non

220 2911 405 2960 destituantur.
449 2910 541 2958 Potuit
563 2911 726 2962 constructio
744 2913 898 2962 insolentior
918 2911 1052 2961 nuntiandi
1070 2923 1158 2958 ansam
1178 2910 1340 2975 praebuisse·

219 2975 316 3025 homini
328 2975 412 3024 minus
426 2982 537 3030 versato,
548 2975 614 3024 adeo
626 2984 655 3024 ut
673 2977 788 3040 ejiceret,
818 2976 876 3024 'uod
894 2990 945 3025 non
965 2977 1028 3028 satis
1048 2975 1097 3028 sibi
1112 2975 1206 3025 Latine
1224 2977 1323 3027 dictum

220 3039 368 3091 videbatur.
402 3040 461 3088 Nec
480 3040 555 3088 aliter
576 3042 707 3089 sentiebat
725 3042 786 3090 Nic.
825 3041 931 3095 einsius,
950 3055 1008 3091 cunr
1028 3040 1085 3088 haec
1099 3039 1124 3086 in
1144 3053 1190 3088 ora
1207 3040 1266 3090 cod.
1284 3041 1323 3090 sui

221 3111 343 3157 notaret:
367 3104 435 3166 lege,
452 3104 581 3162 insontium
599 3104 661 3152 aiax.
694 3105 802 3152 Mallius
820 3119 852 3152 ex
875 3105 990 3167 Guelpb
1013 3103 1104 3166 quiin
1125 3111 1186 3151 ante
1204 3103 1323 3164 publicum

222 3169 329 3228 omittit,
352 3168 479 3230 potuisset
495 3167 635 3230 distingui:
654 3169 777 3232 Principis
797 3183 929 3228 egressum,
946 3168 1064 3230 publicum
1083 3166 1187 3216 inuidere
1203 3167 1324 3216 examina.

220 3232 273 3282 Sed
285 3232 345 3296 quid
354 3231 432 3295 jurat
445 3234 469 3280 in
482 3245 510 3279 re
522 3238 596 3280 certa
607 3232 712 3283 inutiles
724 3233 814 3280 turbas
826 3233 949 3285 miscere?
982 3230 1125 3293 Sequentia
1137 3245 1187 3294 quo
1199 3237 1278 3297 pacto
1290 3232 1324 3279 cl..

221 3297 318 3352 Heunr.
339 3297 473 3359 potuerint
484 3293 617 3345 offendere
630 3296 740 3346 necdum
754 3293 847 3348 rideo!
865 3297 952 3347 Arntz.
985 3294 1118 3348 Livineius
1135 3293 1227 3354 refert,
1240 3310 1252 3345 a
1265 3293 1322 3342 viro

222 3363 331 3424 quodam
344 3360 422 3414 docto
433 3361 475 3411 tric
494 3360 636 3424 repositum
654 3373 711 3408 esse
723 3361 892 3422 sanitatesque
908 3360 1014 3426 populas.
1047 3358 1133 3414 Etiam
1152 3359 1179 3408 in
1195 3359 1322 3408 Vossiano

221 3425 289 3476 libro
302 3433 451 3480 annotatum
464 3425 570 3486 legitur,
581 3429 719 3488 atarusque,
729 3426 808 3488 priori
829 3427 904 3478 litera
920 3440 1005 3486 erasa,
1023 3425 1064 3475 rel
1082 3423 1235 3489 obscurata3
1253 3423 1322 3486 qaod

222 3504 271 3556 pro
280 3495 431 3552 naturasque
442 3491 539 3539 lectum
548 3503 606 3540 esse
617 3489 718 3541 indicat
731 3491 944 3545 desinentes-2
955 3491 990 3543 Et
998 3489 1105 3554 plerique
1112 3489 1131 3536 i.
1138 3487 1246 3556 precibus
1254 3503 1324 3538 aures

719 3646 840 3696 NOTAE=

254 3741 556 3806 ²Dte10uadandam
576 3757 633 3792 esse
654 3743 752 3806 populo
792 3742 869 3792 mns.’

222 3819 381 3881 congiarium
393 3820 513 3881 princeps
526 3817 656 3868 edixerat.
825 3826 836 3852 ⁰
852 3817 1117 3881 Futurusquepoputus]
1133 3815 1214 3866 Quasi
1225 3812 1269 3878 qni
1284 3811 1323 3860 iu·
1417 3842 1418 3846 =

254 3894 266 3928 l
282 3894 416 3957 Examina]
435 3894 546 3957 Proprie
563 3893 597 3942 de
610 3892 702 3956 apibus
714 3892 753 3942 di·
792 3892 879 3942 fantes
901 3893 953 3942 sint
977 3892 1089 3942 nondum
1110 3893 1179 3941 iuter
1198 3889 1321 3956 populum

222 3973 292 4022 citur
303 3985 424 4031 examen,
443 3976 472 4018 nt
484 3981 553 4032 saepe
565 3969 635 4032 apud
646 3968 753 4030 Virgili·
794 3968 894 4019 censeri
906 3968 1027 4019 debeant.

223 4063 281 4110 urn3
298 4047 343 4101 sed
357 4053 386 4097 et
397 4046 430 4095 de
442 4060 579 4110 puerorum
598 4043 676 4095 turba
687 4045 754 4094 dixit
828 4045 841 4078 θ
858 4046 1012 4108 Blandasque
1028 4043 1107 4106 aaoes]
1123 4041 1223 4095 Quibus
1235 4053 1322 4088 move·

222 4125 317 4174 Horat.
330 4137 351 4172 1.
366 4121 419 4173 0d.
438 4125 479 4170 td.
496 4125 538 4170 80.
553 4121 700 4172 ‘tirrenum
713 4133 752 4168 re·
794 4130 868 4171 retur
881 4122 1013 4187 princeps,
1024 4127 1054 4170 ut
1064 4118 1216 4184 largitiones
1227 4131 1286 4167 suas
1295 4115 1321 4164 ia

223 4216 285 4250 cens
308 4195 464 4249 Examen?
500 4199 534 4248 Et
553 4197 637 4262 Epod.
660 4211 692 4246 ιι.
710 4201 752 4247 65.
794 4198 863 4268 ipsos
874 4197 1016 4246 derivaret.

222 4277 399 4340 ‘Positosqne
409 4287 513 4337 vernas,
522 4273 582 4323 ditis
590 4287 698 4322 examen
708 4272 752 4322 do·
1058 4275 1060 4281 '
