3022 4852
583 435 633 482 nn
660 433 871 480 unornann.
1229 417 1271 484 ll

177 587 313 668 plenum
333 599 440 663 penus
459 579 772 643 commentationum
793 583 869 641 ante
884 576 1001 640 oculos
1016 576 1170 656 habeant,
1185 580 1273 661 opti·

178 704 307 749 morum
320 699 527 764 quorumque
544 685 835 743 commentatorum
857 676 964 741 Notas
978 677 1136 759 integras,
1149 699 1274 763 easque

178 788 214 850 in
237 785 386 848 ordinem
410 787 538 845 certum
567 780 732 856 redactas,
760 781 796 841 in
826 777 1055 862 Appendicem
1076 779 1174 864 hujus
1195 781 1274 844 libri

178 884 404 970 conjiciendas
426 882 562 945 curavi:
586 899 644 944 cur
665 899 744 944 vero
761 879 912 943 Catanoei
929 885 961 942 et
982 879 1104 943 Baudii
1119 879 1274 946 Annota·

179 989 290 1052 tiones
305 984 463 1066 copiosas
479 981 757 1067 praetermiserim,
766 981 882 1044 harum
893 1000 998 1044 rerum
1010 981 1274 1074 intelligentibus

179 1109 246 1152 non
269 1095 361 1151 certe
387 1085 512 1149 nullam
537 1083 699 1147 rationem
723 1083 880 1148 habuisse
904 1083 1058 1147 videbor:
1083 1103 1274 1166 quanquam
1365 1075 1367 1080 ’

181 1195 359 1272 excerptas
383 1186 548 1269 quasdam
573 1187 654 1248 meis
683 1183 795 1258 Notis,
818 1203 882 1246 non
908 1184 1041 1266 quidem
1068 1185 1139 1248 sine
1162 1183 1275 1248 debito

179 1291 313 1367 indicio,
328 1288 534 1352 inseruerim.
579 1285 633 1349 Ad
657 1296 840 1351 extremum
860 1285 942 1348 mihi
960 1286 994 1347 in
1015 1294 1157 1350 mentem
1172 1288 1274 1365 venit,

179 1393 281 1456 etiam
304 1391 416 1474 plures
439 1408 591 1453 nummos
611 1395 753 1464 veteres,
769 1387 829 1471 qui
844 1387 886 1449 ad
901 1388 1058 1469 quaedam
1074 1389 1276 1473 Panegyrici

181 1494 324 1558 Pliniani
345 1492 425 1555 loca
444 1489 652 1565 illustranda,
669 1499 703 1552 et
717 1487 761 1552 ad
777 1487 998 1570 supplendam
1014 1488 1276 1573 firmandamque

182 1595 320 1678 Trajani
344 1591 563 1676 Imperatoris
586 1591 758 1656 historiam
781 1591 916 1666 faciant,
938 1591 1017 1656 hnic
1040 1593 1276 1656 commentario

182 1697 316 1774 addere,
330 1714 389 1758 sen
405 1696 519 1777 potins
535 1694 761 1776 praemittere3
785 1713 870 1776 quos
884 1712 1048 1771 nummos,
1063 1694 1151 1778 quod
1169 1696 1224 1758 vix
1242 1696 1276 1759 in

182 1798 249 1862 ista
272 1795 485 1860 cunctatione
510 1793 641 1869 credas,
658 1814 870 1877 praepropera
896 1794 1041 1877 quadam
1061 1795 1277 1860 festinatione

183 1899 342 1982 exposui,
354 1909 459 1972 ratus,
473 1917 514 1959 ne
536 1898 585 1960 sic
601 1897 733 1978 quidem
755 1915 806 1959 me
825 1896 1019 1960 hominibus
1034 1895 1150 1960 harum
1165 1916 1276 1961 rerum

184 2000 327 2064 curiosis
342 2018 490 2080 operam,
500 1997 554 2061 vel
564 1998 724 2072 inutilem,
738 1996 792 2060 vel
805 1994 1033 2079 injucundam,
1043 2005 1276 2079 praestaturum

183 2121 269 2166 esse.
314 2098 518 2184 Quanquam
539 2099 710 2180 ceteroqui
734 2098 812 2160 nihil
835 2097 946 2162 sciens
970 2096 1178 2183 prudensque
1193 2120 1276 2182 prar-

184 2203 390 2275 termiserim,
406 2201 494 2285 quod
509 2199 725 2276 emendando,
740 2207 774 2262 et
788 2197 1002 2275 enucleando,
1020 2198 1278 2284 illustrandoqno

185 2315 252 2368 tarn
267 2305 397 2387 egregio
413 2303 614 2385 eloquentiae
627 2301 793 2366 Romanae
805 2308 1018 2366 monumento
1030 2305 1277 2385 quoquomodo

186 2405 370 2469 conducere
400 2410 519 2487 queat3
549 2402 638 2466 haud
669 2411 778 2466 tamen
808 2401 943 2477 infitior,
967 2422 1143 2485 superesse
1169 2404 1277 2468 adhuc

185 2510 273 2584 loca,
296 2527 373 2590 quar
392 2505 517 2589 majore
536 2505 664 2570 medela
688 2515 723 2570 et
740 2505 959 2569 illustratione
983 2506 1160 2586 indigeant.
1186 2506 1280 2572 luter

185 2611 258 2694 ejus
280 2609 407 2690 generis
430 2608 507 2674 loca
529 2605 647 2683 resero,
662 2622 728 2670 ιιι.
746 2607 775 2670 l.
802 2608 928 2671 nv1.7.
953 2621 1092 2670 nxvru.
1108 2609 1141 2671 7.
1165 2623 1279 2672 uxxr.

186 2711 218 2774 6.
257 2726 402 2774 nxxur.
430 2711 463 2773 5.
489 2709 521 2772 6.
560 2708 754 2770 nxxv1.2.
793 2723 951 2770 nxxxrr.
970 2710 1004 2771 5.
1040 2724 1217 2773 nxxxur.
1246 2712 1279 2774 h

188 2827 342 2876 cxxxv.
366 2813 398 2874 5.
439 2824 641 2873 nxxxvur.
662 2807 695 2872 3.
742 2823 805 2871 xo.
836 2807 869 2872 6.
900 2807 935 2870 in
965 2808 1088 2891 quibus
1116 2810 1202 2874 locis
1230 2810 1280 2874 lu-

187 2914 350 2978 culentius
374 2911 594 2996 explanandis
616 2911 820 2976 excitatiora
836 2909 966 2992 ingonia
980 2911 1079 2975 facile
1099 2911 1281 2992 invenient,

188 3036 254 3098 quo
273 3035 311 3078 se
328 3021 521 3079 exerceant.
566 3013 702 3078 Utinam
719 3034 800 3078 vero
817 3012 952 3076 taudem
971 3014 1131 3077 vetustior
1150 3021 1183 3078 et
1202 3015 1280 3080 inte-

188 3117 418 3201 griorquidam
430 3117 540 3181 codex
551 3115 661 3180 Mein
672 3116 779 3178 lucem
792 3113 996 3196 proteratur!
1013 3133 1127 3178 omnes
1138 3117 1225 3179 enirn
1235 3119 1282 3180 is·

189 3221 217 3284 ti
230 3221 317 3296 libri,
333 3219 454 3301 quibus
470 3219 517 3281 uti
535 3217 615 3282 mihi
630 3215 744 3279 datum
763 3213 840 3288 tuit,
851 3233 918 3276 non
942 3213 1110 3278 sufficiunt
1124 3216 1175 3278 his
1197 3216 1282 3280 locis

188 3320 423 3404 explanandis,
445 3326 480 3382 et
505 3325 601 3382 extra
627 3336 756 3380 omnem
785 3314 1022 3378 dubitationem
1053 3315 1284 3382 collocandis:

131 3431 139 3444 ‘
190 3425 278 3488 alius
293 3421 427 3504 quidem
443 3421 509 3484 alio
525 3421 580 3484 vel
596 3420 722 3496 melior,
736 3417 788 3482 vel
805 3419 1000 3501 corruptior,
1016 3427 1177 3502 apparet3
1199 3419 1282 3482 nihil

189 3535 298 3591 tamen
315 3523 457 3600 ambigo,
474 3541 589 3586 omnes
608 3521 692 3585 istos
709 3520 846 3583 codices
863 3519 934 3602 jam
949 3526 1025 3582 ante
1039 3519 1136 3602 plura
1158 3521 1283 3585 saecula

190 3647 234 3691 ex
255 3626 344 3689 fonte
360 3623 506 3707 quodam
528 3624 700 3707 inquinato
719 3621 918 3696 dimanasse,
934 3638 1011 3682 cum
1034 3621 1069 3682 in
1091 3640 1188 3683 unam
1204 3621 1283 3682 alte-

190 3746 304 3791 ramve
333 3725 553 3806 corruptelam
584 3723 793 3788 manifestam
823 3721 1027 3803 conspirent.
1085 3721 1170 3784 Mihi
1195 3719 1282 3784 satis

191 3836 256 3903 est,
270 3827 409 3908 ingeniis
431 3825 644 3905 acutioribus,
659 3833 693 3888 et
715 3823 851 3886 meliore
873 3821 1094 3886 subsidiorum
1117 3821 1217 3901 copia
1233 3822 1282 3883 in-

192 3929 338 4004 structis
360 3929 480 3992 saltem
511 3927 720 3991 occasionem
750 3923 899 4002 dedisse,
920 3928 958 3987 ut
982 3921 1173 4006 hujusmodi
1198 3921 1283 3988 locis

191 4031 300 4116 majus
312 4031 502 4112 certiusque
514 4029 623 4094 lumen
639 4027 784 4092 afferant.
