3100 4854
702 329 803 380 rurs.
1179 341 1183 347 ’
1241 317 1299 385 ’77

208 471 299 554 apud
325 469 547 555 Agrippinam
573 471 701 547 sactus:
734 479 772 536 ut
801 470 985 553 Eutropius
1011 471 1132 554 prodit,
1161 493 1232 551 seu,
1262 484 1299 541 nt

206 571 328 636 Victor
345 573 488 654 Epitom.
499 572 612 655 babet,
634 573 830 653 ‘imperium
846 571 937 652 apud
952 571 1169 655 Agrippinam
1185 596 1297 640 susce·

206 671 278 753 pit!
323 670 411 749 Quas
425 673 467 736 de
490 672 626 736 colonia
639 672 836 755 Agrippina,
858 673 935 736 olim
961 671 1123 736 Ubiorum
1149 677 1297 754 civitate,
1358 707 1362 722 ν

205 773 307 854 vulgo
322 774 509 853 intelligunt
523 773 629 836 docti.
676 774 745 837 Sed
761 775 803 837 cl.
821 773 867 837 H.
882 773 940 836 D!
961 772 1135 855 conjectat,
1151 795 1191 838 ea
1206 775 1298 840 dieta

205 874 370 938 ‘tortasse
387 874 429 936 de
445 875 552 955 primo
567 875 698 955 imperii
711 876 840 949 nuntio,
856 893 929 938 cum
945 873 1159 955 adoptaretur
1174 881 1195 938 a
1209 875 1298 941 Ner·

206 995 250 1038 va
264 973 457 1057 Trajanns3'
480 982 582 1057 atque
595 975 747 1056 opinatur
763 975 854 1038 illum
878 975 912 1036 in
937 975 1064 1038 Moesia
1080 977 1192 1056 potius
1217 982 1297 1042 tnnc

204 1077 322 1152 fuisse,
339 1075 383 1138 ad
405 1076 513 1156 ripam
538 1075 686 1139 Danubii
710 1095 729 1138 e
751 1076 884 1156 regione
906 1075 1033 1138 Daciae.
1078 1075 1165 1140 Hoec
1187 1083 1296 1140 tamen

206 1176 401 1258 conjectura
424 1175 498 1238 istis
522 1176 717 1239 auctoribus
743 1177 841 1258 plane
865 1182 1034 1258 repugnat,
1057 1196 1119 1240 nec
1143 1178 1220 1240 aliis
1243 1185 1298 1242 sat

205 1277 328 1340 ualidis
349 1275 486 1338 sulcitnr
508 1275 720 1356 argumentis.
765 1275 851 1338 lllud
870 1295 953 1338 saus
974 1295 1018 1338 ex
1040 1297 1081 1339 eo
1103 1278 1297 1356 deductum,

205 1377 295 1460 qnod
319 1375 487 1457 Trajanus
514 1377 615 1438 etiam
640 1375 744 1456 paulo
769 1381 847 1436 ante
871 1375 1088 1457 adoptionem
1111 1376 1296 1441 Germanos

205 1478 345 1553 vicerat,
367 1475 510 1559 indeque
536 1496 653 1539 nomen
677 1475 872 1540 Germanici
894 1471 1129 1558 reportaverat,
1157 1485 1296 1558 atquee

205 1577 382 1640 Pannonia
396 1577 532 1640 miserat
548 1577 661 1640 literas
676 1577 718 1640 de
735 1577 874 1640 victoria
889 1574 1091 1645 Germanica
1110 1577 1296 1645 laureatas:

204 1678 416 1758 hocinquam
438 1685 664 1758 argumentum
688 1679 821 1740 omnino
836 1696 959 1740 vanum
983 1686 1046 1752 est,
1068 1686 1105 1741 ut
1120 1678 1211 1760 quod
1233 1678 1297 1742 ial-

167 1823 170 1826 -
206 1797 280 1842 sum
307 1783 496 1859 supponat3
519 1783 642 1840 certum
671 1778 745 1841 scil.
770 1797 856 1854 esse,
882 1777 974 1839 illam
1000 1777 1158 1850 lauream,
1177 1778 1297 1861 (quam

207 1879 336 1942 Noster
355 1877 439 1941 Pan.
456 1896 531 1960 cap.
549 1894 630 1940 vrrr.
644 1885 784 1954 testatur
802 1896 845 1940 ex
864 1876 1039 1940 Pannonia
1060 1877 1208 1951 allatam,
1224 1886 1258 1940 et
1275 1897 1297 1942 a
1319 1959 1321 1964 Ι

207 1978 322 2042 Nerva
338 1978 370 2040 in
384 1978 507 2058 gremio
522 1977 546 2039 J
548 1978 623 2040 ovis
638 1979 834 2040 collocatam
851 1997 892 2040 eo
907 1977 970 2049 die,
985 1996 1054 2058 qno
1070 1977 1099 2038 is
1113 1975 1295 2057 Trajanum

206 2079 310 2142 lilium
335 2078 401 2141 sibi
427 2078 611 2155 assumit)
641 2079 784 2161 abipso
811 2077 957 2160 Trojano
982 2081 1181 2158 reportatam
1208 2096 1296 2140 esse.

207 2178 360 2242 Profecto
382 2177 513 2240 Plluius
536 2196 701 2259 nusquam
724 2178 862 2242 eandem
891 2177 968 2240 huic
998 2177 1140 2260 principi
1169 2179 1296 2254 tribuit,

206 2299 268 2342 nec
291 2298 367 2342 eum
388 2278 452 2341 hac
473 2278 515 2340 de
535 2278 638 2342 revel
654 2279 753 2342 verbo
774 2279 907 2354 iaudat;
930 2298 1003 2340 cum
1019 2279 1170 2361 profusis
1185 2285 1296 2342 tamen

206 2379 362 2443 laudibus
379 2379 433 2440 vel
447 2379 581 2441 minima
595 2379 668 2460 ejus
685 2379 764 2442 vitae
784 2380 929 2444 facinora
951 2381 1075 2461 passim
1092 2398 1132 2441 ea
1147 2377 1295 2442 oratione

206 2477 333 2542 evehat.
378 2477 542 2560 Equidem
559 2477 686 2540 Noster
698 2479 812 2555 tradit,
827 2480 914 2542 Pan.
929 2499 1006 2561 cap.
1021 2495 1091 2541 xrr.
1112 2478 1307 2560 Trajanum.

207 2575 395 2642 ‘assedisse
411 2577 629 2640 ferocissimis
644 2579 776 2659 populis
790 2599 830 2640 eo
846 2580 922 2660 ipso
938 2586 1095 2660 tempore,
1107 2579 1196 2659 quod
1213 2579 1295 2640 ami-

207 2679 376 2742 cissimum
405 2677 485 2752 illis,
516 2676 748 2740 difficillimum
778 2676 967 2756 Romanis3
1001 2697 1078 2740 cnm
1116 2677 1293 2740 Danubius
1347 2735 1351 2740 .

206 2781 297 2861 ripas
311 2778 384 2858 gelu
394 2776 527 2860 jungit,'
551 2781 612 2841 &a
653 2776 738 2840 Item
755 2795 832 2859 eap.
849 2793 931 2840 xvi.
952 2783 1130 2858 ‘maguum
1151 2775 1226 2853 est,'
1246 2777 1295 2840 ln·

206 2881 288 2962 quit,
310 2884 420 2941 ‘stare
436 2879 468 2940 in
484 2877 631 2941 Danubii
648 2878 733 2960 ripa,
749 2880 780 2942 si
793 2888 955 2955 transeas,
969 2887 1093 2942 eertum
1114 2877 1296 2960 triumpbi‚'

205 2982 265 3042 duc.
310 2978 365 3040 Ex
392 2979 517 3061 quibus
540 2978 581 3041 ol.
607 2979 659 3041 vir
679 2977 785 3054 infert,
810 2979 923 3060 palam
953 2999 1030 3042 esse
1059 2998 1122 3041 uon
1151 2979 1294 3042 colonias

205 3078 412 3162 Agrippinas,
435 3100 496 3144 nec
519 3100 625 3162 prope
649 3079 813 3156 Rhenum,
833 3077 899 3142 'sed
927 3081 1129 3154 Danubium,
1152 3081 1226 3143 baec
1246 3081 1294 3142 se-

206 3182 296 3244 cisse
321 3180 512 3262 Trajanum.
555 3179 602 3243 At
626 3197 706 3250 vero
730 3198 773 3241 ex
798 3179 915 3241 iisdem
938 3180 1022 3241 locis
1049 3197 1089 3242 ac
1110 3198 1188 3259 cap.
1216 3196 1293 3240 uvi.

206 3290 345 3363 totoque
358 3285 518 3345 contextu
532 3279 667 3354 clarum,
682 3297 724 3342 ea
738 3278 780 3341 de
795 3278 912 3362 byeme
926 3283 1061 3340 mortem
1077 3273 1200 3344 Nervae
1216 3280 1293 3342 sub-

206 3389 332 3457 secuta,
361 3399 416 3443 an.
444 3379 579 3442 secundi
610 3379 802 3442 consulatus
830 3378 980 3460 Trajani,
1011 3379 1033 3459 i.
1063 3385 1093 3443 ος
1127 3399 1180 3442 an.
1218 3379 1294 3444 Cbr.

208 3497 345 3546 xovrrr.
359 3487 507 3562 peracto,
523 3480 736 3560 intelligenda
760 3479 879 3543 venire.
913 3477 993 3556 Quo
1009 3487 1158 3563 tempore
1181 3483 1294 3562 potuit

205 3577 373 3665 Trajanus
393 3582 428 3643 in
450 3581 595 3644 Danubii
617 3579 692 3662 ripa
714 3587 820 3659 stare;
842 3599 903 3643 nee
924 3579 1001 3643 ideo
1015 3587 1119 3644 tumtur
1136 3603 1156 3645 a
1173 3581 1292 3645 Rheno

206 3683 303 3764 longe
338 3689 488 3746 remotus
523 3683 558 3743 in
594 3680 731 3757 Moesia,
758 3680 880 3756 Dacia,
918 3679 1130 3746 Pannoniave
1159 3681 1293 3761 degens.

207 3783 375 3847 Martialis
409 3791 500 3846 certe
522 3781 662 3844 reditum
692 3781 764 3864 ejus
798 3799 922 3843 vovens
961 3791 1016 3842 xa
1052 3783 1084 3845 7.
1113 3779 1184 3865 (an.
1219 3799 1292 3862 seq.

206 3903 281 3947 oum
304 3883 361 3947 lib.
380 3899 418 3946 x.
434 3882 599 3946 emendati
615 3888 649 3945 et
663 3879 812 3944 secunda
827 3879 900 3942 vieo
914 3880 1059 3961 vulgati)
1079 3881 1129 3944 sic
1143 3879 1185 3942 ad
1200 3879 1292 3946 Rbe-

205 4003 283 4048 num
293 4003 302 4047 :

567 4104 579 4130 ²
596 4095 719 4149 Praelect.
731 4110 768 4147 vr.
780 4111 807 4160 p.
817 4099 942 4148 arsam.
