3088 4848
533 389 816 442 suaseramus.
859 387 888 443 ι.
907 375 962 441 ld.
1237 371 1305 440 317

207 536 408 614 exarsimus-5
426 538 495 600 noir
511 533 738 608 uontnmseia,
761 531 898 612 Caesen
920 530 992 604 sed,
1010 532 1046 595 'ul
1066 531 1100 596 in
1116 538 1305 622 tuepotes·¹

207 647 279 722 tate
301 643 366 712 esi,
389 656 432 702 an
451 635 679 718 gaudeamus3
701 636 752 698 ita
771 635 806 698 in
832 640 1008 717 quantum,
1030 650 1091 696 nec
1112 633 1148 696 iu
1171 640 1307 698 nostra..

206 742 241 804 4.
266 738 500 822 comprobasti
529 737 661 818 etipse
691 736 973 802 adclamationum
996 737 1180 798 nostrarum
1208 736 1305 801 iidem

208 839 435 922 lacrymamus
455 845 584 904 tuarum
601 838 747 902 veritate.
790 836 951 902 Vidimus
969 835 1203 900 humescentes
1225 855 1306 900 ocu·

208 941 262 1006 los
273 948 362 1017 tuos,
372 939 633 1022 demissumquee
648 939 769 1020 gaudio
779 939 916 1012 vultum,
927 945 1123 1020 tantumque
1134 937 1309 1017 sanguinis

210 1042 245 1116 iu
261 1037 348 1116 ore,d
369 1046 527 1126 quantum
543 1041 576 1104 in
596 1041 709 1106 animo
726 1040 874 1123 pudoris.
918 1041 953 1102 5.
973 1037 1088 1122 Atque
1110 1038 1177 1103 boe
1197 1040 1307 1120 magis

210 1142 339 1208 incensi
356 1146 537 1216 sumnum
551 1159 773 1223 precaremur,
796 1159 839 1204 ue
861 1139 996 1226 qnando
1018 1140 1080 1203 tibi
1101 1158 1170 1202 non
1191 1140 1311 1205 eadem

212 1261 316 1306 causa
329 1241 563 1324 lacrymarum,
578 1247 682 1323 nique
693 1259 861 1323 nunquam
872 1241 1019 1306 frontem
1035 1249 1128 1306 tuam
1143 1243 1311 1322 absterge·

211 1351 289 1412 rea-⁰
332 1343 365 1406 6.
386 1341 468 1406 Hoc
493 1342 606 1424 ipsum
626 1340 690 1406 has
708 1341 806 1406 sedes
825 1358 888 1406 nos
914 1341 1015 1424 quasi
1031 1361 1249 1428 responsurus
1261 1343 1313 1407 in·

219 1583 222 1592 .
236 1507 256 1540 '²
271 1506 313 1556 Sic
319 1521 392 1570 peaes
403 1522 446 1558 uos
456 1523 503 1558 uua
513 1513 558 1572 esi,
569 1507 594 1556 ιἰι
605 1512 718 1582 querulum
726 1508 831 1570 gaudere
842 1507 972 1558 debeamus.

650 1653 653 1662 ,
673 1633 858 1658 commen

213 1705 309 1768 riorum
321 1704 455 1766 facillimi!
470 1715 557 1768 Araia.
574 1717 642 1767 Vide
654 1719 731 1768 Nolt.
740 1718 866 1768 Vara-4
883 1717 988 1780 Lipsius
1000 1716 1068 1781 coni.
1078 1717 1236 1781 laerymarum
1247 1716 1314 1766 ulus·-

213 1787 273 1846 tels,
284 1791 312 1832 et
323 1797 391 1840 mox,
401 1783 503 1831 solutum
512 1783 601 1844 gaudio
611 1785 704 1832 uultum
714 1797 725 1842 ,·
742 1799 805 1846 quus
817 1783 979 1845 conjecturas
991 1790 1146 1844 receperunt
1157 1783 1270 1843 Berneg.
1286 1779 1314 1828 e't

213 1847 302 1898 Hacls.
319 1847 485 1908 dimissumque
494 1847 608 1912 Guelph.
617 1848 711 1900 Salisb.
722 1855 749 1896 et
763 1849 856 1898 venet.
866 1852 938 1895 z-li
950 1849 958 1876 ‘
970 1848 1046 1909 thue
1057 1845 1112 1904 ms.
1124 1851 1143 1894 t.
1155 1842 1316 1906 aestuemus]

214 1910 300 1960 Locus
319 1910 455 1959 admodum
477 1919 593 1960 rexatus.
630 1913 688 1961 Nou
708 1919 807 1960 tautum
828 1911 854 1960 in
873 1911 950 1959 nullis
971 1909 1104 1960 codicibus
1123 1909 1187 1961 Mas.
1202 1911 1316 1984 lquorum

215 1975 346 2024 satiantes
356 1975 483 2023 lectiones
498 1974 594 2037 babeo,
605 1976 737 2038 reperitur
749 1976 858 2025 uerbum
874 1976 1041 2035 abstergerem
1057 1973 1104 2022 sed
1118 1979 1203 2036 neque
1215 1973 1240 2020 rd
1255 1983 1318 2034 pru«

215 2038 306 2088 didere
319 2039 471 2099 Beroaldus,
482 2039 574 2101 Aldus,
590 2040 773 2104 Cuspiniauus,
782 2040 875 2097 Junta,
885 2040 1003 2088 Rhenan.
1019 2052 1061 2088 arr.
1071 2041 1144 2087 1⁶26.
1161 2037 1320 2098 Cratander,

216 2103 272 2152 sine
283 2107 355 2152 certo
367 2115 454 2164 sensu,
471 2103 586 2166 excudit,
604 2110 675 2168 utque
685 2103 962 2168 nonuunquumfroalem
974 2109 1039 2152 tuum
1049 2100 1196 2162 abstergere.
1230 2102 1316 2153 Quam

214 2168 356 2235 lectionem
368 2166 446 2218 etism
466 2169 573 2232 repetiit
591 2167 733 2232 Grypbirrs.
765 2167 804 2218 At
822 2170 961 2218 Cateneeus
972 2167 1028 2230 jam
1048 2179 1090 2216 an.
1101 2171 1175 2216 llilld.
1190 2165 1320 2230 prodidit,

215 2236 288 2298 ulque
297 2231 573 2299 nonuunquemsmalem
585 2237 650 2282 tuum
664 2233 810 2294 abstergeres
816 2248 827 2290 ,·
844 2232 884 2282 cni
896 2239 924 2282 et
942 2233 1107 2280 Phileronem
1118 2238 1146 2281 et
1157 2231 1193 2281 H.
1209 2230 1319 2294 Stepha-

216 2299 266 2345 llus
278 2295 462 2358 subscripsere.
494 2296 613 2345 Tandem
624 2297 736 2360 Lipsius,
755 2291 895 2357 (instetur,
913 2296 1017 2360 aliique,
1029 2307 1086 2346 eam
1106 2293 1246 2344 exhibuere
1265 2297 1318 2345 lee-

217 2362 325 2422 tiouem,
335 2374 411 2424 quam
424 2371 491 2412 uisne
503 2375 518 2410 e
530 2359 640 2410 Cellsrio
652 2365 838 2425 proposuimus.
871 2361 1014 2418 Liuineius,
1030 2362 1057 2410 in
1069 2361 1157 2410 notius
1174 2361 1218 2410 ‘Si
1231 2367 1320 2412 aueto-

218 2430 273 2474 iem
285 2422 379 2487 capio,‘
390 2422 482 2488 inquit,
496 2425 560 2474 'boc
573 2426 668 2482 'voluit,
680 2435 800 2488 precator
812 2440 850 2488 se,
868 2435 896 2474 nt
917 2426 1042 2486 pudorem
1061 2423 1120 2474 eu'm
1132 2438 1262 2489 nunquam
1274 2438 1320 2487 po·

217 2493 301 2546 lieret,
312 2489 519 2552 queml'scrymis
532 2496 641 2538 testatus
650 2491 842 2539 senetuiesset.
867 2491 966 2552 Estque
977 2489 1127 2548 abstergere
1140 2484 1260 2543 frontem,
1272 2503 1320 2550 pu·

218 2554 308 2603 dorem
320 2567 424 2615 ponere,
432 2561 461 2601 et
472 2561 594 2616 tanquam
605 2553 765 2616 abstergere,
776 2553 802 2602 id
816 2558 867 2612 est,
875 2550 1048 2614 ἀποτρίψασθαι
1056 2550 1102 2608 τὴν
1112 2549 1175 2612 alre,
1187 2562 1216 2600 ut
1228 2552 1320 2602 eedem

217 2624 306 2669 mente
317 2614 478 2680 ‘perfricare
489 2613 600 2666 frontem
609 2617 763 2679 ’proverbio
773 2616 891 2666 dicimus.
917 2616 990 2664 Bene
1000 2630 1073 2680 ergo,
1082 2629 1208 2678 auaquum,
1218 2621 1264 2664 arri
1273 2631 1320 2664 ιιοιι

217 2695 328 2746 uuquam,
340 2681 451 2744 legitur3
468 2679 536 2740 quod
548 2681 709 2729 adnumeres
722 2681 827 2729 auribus
843 2679 908 2728 meis
920 2681 1029 2740 melius3
1045 2679 1120 2740 falso,
1130 2692 1177 2726 ιιοιι
1186 2693 1321 2742 nunquam,-

218 2745 330 2810 pessime
342 2744 367 2792 iu
377 2743 540 2807 quibusdam,
551 2745 613 2794 etin
624 2744 782 2794 contrarium
794 2757 907 2806 prorsus,
918 2758 1036 2806 uunquam
1046 2742 1110 2792 uou.’
1137 2741 1188 2791 Sed
1200 2742 1257 2792 hese
1268 2745 1322 2792 lee-

219 2809 381 2923 slipgjugq‘ue
393 2807 522 2871 probatio,
533 2809 600 2921 bgud
613 2809 815 2923 ἷιιὲιὶῐῐῐιίριίοι
832 2807 841 2836 ‘
853 2808 974 2920 MeLiorps
989 2805 1323 2925 ltibrissilrfflugkhzrerbb‘nm

219 2888 265 2924 ιιι
303 2889 318 2920 ιι
356 2887 450 2922 ereren
469 2887 527 2920 mox
568 2888 600 2923 on
636 2887 701 2922 aen
728 2887 881 2923 :necuere
915 2887 1017 2922 oser.
1231 2888 1246 2922 u
1284 2888 1321 2924 sr-

218 2942 294 3000 genll
310 2887 459 3000 lacryfnasi
484 2951 522 2986 eae
542 2935 567 2986 in
590 2950 668 3002 genas
691 2937 858 2998 delabuntur,
879 2951 930 2987 uon
954 2937 981 2989 iu
1006 2936 1118 2986 frontem
1146 2937 1319 2990 adscendunt.

221 3002 314 3052 Pudor
324 3017 374 3051 non
386 3001 453 3052 solet
464 3001 589 3066 abstergi,
608 3016 656 3052 nee
673 3002 781 3066 potest!
813 3001 939 3064 Equidem
958 3001 1141 3066 Berneggerus
1152 3002 1233 3052 noluit
1246 3001 1326 3056 blasii

222 3067 280 3116 iare
292 3079 349 3114 cum
362 3067 462 3128 Lipsio,
473 3073 547 3114 ‘cum
561 3067 650 3130 ntique
667 3066 831 3130 pudibundos
843 3081 919 3114 manu
930 3062 1042 3114 frontem
1054 3067 1208 3128 abstergere
1220 3068 1304 3118 solere
1313 3065 1325 3118 ’,.

222 3131 365 3196 censuerit,
400 3129 531 3194 litaeque
544 3131 581 3180 sie
592 3129 698 3194 quidem
709 3133 824 3181 eolraeret
835 3131 936 3182 oratius
953 3130 1070 3194 adeoque
1088 3143 1148 3178 cum
1160 3129 1257 3192 Lipsio,
1268 3145 1322 3180 om·

222 3197 284 3246 nino
293 3196 360 3244 banc
372 3193 513 3244 clausulam
523 3193 592 3243 iuter
603 3194 708 3243 mutilas
720 3203 764 3246 erit
775 3201 911 3257 corruptas
924 3191 1018 3253 refero,
1031 3199 1153 3257 optoque,
1167 3201 1196 3242 ut
1205 3192 1257 3250 alii,
1270 3209 1324 3244 me·
1376 3239 1379 3246 ι

222 3259 329 3310 lioribus
341 3257 462 3308 subsidiis
474 3257 603 3320 instructi,
614 3272 629 3307 e
642 3259 751 3309 vetustis
764 3259 899 3309 codicibus
918 3257 1044 3308 veriorem
1064 3257 1168 3307 tandem
1189 3256 1324 3320 proferant

223 3318 381 3374 lectionem?
399 3323 520 3373 Seiromz.
538 3322 547 3350 ‘
557 3321 698 3373 Deiectum
719 3323 824 3386 agnovit
843 3321 993 3371 Perizonius
1012 3335 1139 3434 quoque..
1157 3321 1251 3386 Neque
1272 3339 1323 3388 ego

223 3403 266 3438 me
277 3387 398 3451 expedio.
424 3387 457 3436 ‘si
471 3385 540 3436 'lllud
560 3388 714 3450 austugeres,
726 3387 797 3452 quod
812 3393 898 3436 tamen
918 3402 968 3435 non
990 3386 1062 3436 credi
1082 3387 1156 3444 erim,
1176 3400 1237 3436 vera
1254 3393 1326 3440 esset

224 3448 303 3506 Plinii
315 3466 414 3506 mantis,
423 3451 466 3500 bic
479 3459 568 3514 posset
579 3465 636 3501 esse
649 3467 747 3510 sensus,
759 3458 789 3503 ut
800 3467 929 3516 nunqnam
941 3451 1022 3504 iacies
1040 3451 1141 3514 penitus
1152 3451 1268 3502 abstersa
1284 3468 1325 3503 es«

225 3526 276 3574 set,
288 3525 315 3566 et
327 3516 394 3566 oersli
405 3515 509 3566 omuino
520 3516 639 3580 lacrymis
649 3525 776 3568 carerent.
809 3517 861 3568 Sed
880 3518 965 3582 potius
986 3515 1120 3580 profiteor,
1138 3530 1180 3566 me
1199 3515 1261 3567 nibil
1280 3518 1324 3568 bic
1377 3569 1380 3574 ,

226 3579 330 3632 ‘ualere’
347 3581 481 3631 arare-u
499 3581 553 3630 Hoc
564 3583 675 3646 implum
693 3582 742 3632 ises'
754 3583 820 3632 sedes
830 3581 896 3646 conj.
908 3580 977 3645 Lips.
995 3582 1049 3630 Hoc
1067 3583 1178 3644 templum
1188 3581 1273 3644 ipsum,
1283 3583 1326 3643 dfe.

226 3646 287 3696 edd.
298 3645 411 3708 Berneg.
424 3651 451 3694 et
464 3645 548 3694 liack.
564 3646 619 3694 Hoc
629 3647 705 3710 ipsum
722 3649 842 3711 templum,
857 3650 900 3710 dre.
915 3645 1185 3696 Kircbm.Weinricb.
1201 3652 1227 3695 et
1244 3645 1325 3694 Genu.
1404 3701 1409 3708 ,

118 3748 123 3758 ,
221 3713 403 3774 ⁴interrogemus
414 3710 477 3760 Exc.
489 3710 566 3760 Voss.
584 3711 627 3760 ies
638 3714 703 3794 sedes
714 3717 768 3761 tuus
776 3726 818 3760 uos
827 3712 904 3776 quusi,
912 3713 954 3773 ire.
963 3711 1075 3773 Guelpb.
1088 3717 1115 3760 et
1127 3710 1186 3758 Vst.
1197 3713 1222 3759 4.
1232 3708 1258 3756 in
1270 3711 1325 3773 qui·

726 3835 834 3892 NOTAE

259 3947 271 3973 ⁰
287 3935 477 4001 Demiesumque]
492 3937 551 3988 Prae
564 3935 718 3988 uerecundia
729 3942 758 3986 et
829 3941 840 3967 ⁶
856 3929 1022 3999 Abslergeres]
1036 3935 1073 3984 Ut
1093 3939 1222 3998 perpetuo
1238 3935 1328 3998 hujus·

228 4013 338 4080 pudore.
796 4010 1204 4076 srodilecrymae,ideat,plenae
1219 4010 1325 4076 pudoris

261 4088 274 4124 ὃ
292 4089 425 4151 Sanguinis
446 4089 473 4140 ia
498 4090 549 4155 ore]
573 4089 632 4140 Hoc
651 4087 760 4151 pudoris·
796 4086 1001 4138 etvereeundia
1020 4100 1052 4136 eu
1069 4085 1151 4138 eenbs
1168 4086 1221 4138 tuis
1240 4097 1328 4138 masas

228 4164 420 4228 propriumne
437 4163 588 4226 sangninem
605 4164 637 4214 sd
648 4163 757 4222 vultum,
798 4169 867 4214 rent.
978 4165 980 4170 ‘

230 4238 274 4304 qui
287 4237 451 4293 uerecundia
461 4238 536 4291 sedes
546 4242 596 4304 est,
607 4243 709 4294 evocet*
