3022 4852
597 381 837 436 orsrurnrro.
1215 372 1260 436 ut

160 529 238 595 dem
254 536 433 607 momento,
447 545 517 614 quo
528 534 622 612 pater
637 547 716 592 esse
732 527 885 601 desisset,
900 528 966 593 lroc
981 547 1115 614 quoque
1130 532 1262 597 amitte·

160 637 222 709 ret,
237 632 326 714 quod
341 631 480 697 inisset!
512 647 579 694 xl..
589 631 621 694 d.
637 631 648 664 ‘
664 630 826 706 Effecisti,
840 649 882 694 ue
896 630 1005 695 malos
1021 633 1188 716 principes
1203 635 1259 698 lta·

161 731 377 798 buissemusss
404 734 524 817 Neque
538 731 593 797 irlc
608 732 836 817 pretereunda
847 739 924 796 sunt
933 735 1092 796 acumina
1105 755 1158 812 ea,
1172 755 1259 819 qaae,

161 836 321 918 quoniam
348 835 415 898 sibi
431 853 616 917 repugnare
637 835 802 910 videntur,
827 833 1035 916 ‘oxymora’
1056 835 1125 898 dici
1142 838 1259 901 solent.

162 935 251 1018 Cap.
262 952 303 998 x.
314 937 347 1000 1.
361 935 539 1019 ‘Augebat
551 939 781 1001 auctoritatem
793 933 949 1019 jubentis
964 937 999 999 in
1014 955 1177 1001 summum
1190 938 1260 1000 dis-

160 1037 287 1100 crimen
298 1039 483 1102 auotoritas
499 1037 573 1121 ejas
589 1035 734 1102 adducta
746 1035 765 1116 ;'
784 1044 856 1100 ets.
868 1038 902 1101 6.
924 1045 933 1074 ⁴
949 1056 991 1100 eo
1001 1039 1261 1120 ipsooarusom-

160 1137 262 1202 uibus
273 1158 315 1202 ac
325 1127 577 1216 desiderandos,
588 1138 678 1222 qnod
694 1145 926 1222 prospexerat,
941 1159 982 1202 ne
997 1139 1260 1204 desideraretur!

162 1238 250 1322 Gap.
261 1254 360 1302 xntr.
370 1241 401 1302 l.
414 1239 577 1305 ‘Unicum
588 1240 711 1304 crimen
724 1255 850 1316 eorum,
862 1240 920 1322 qui
932 1241 1070 1305 crimine
1081 1249 1260 1307 uacarent!

162 1353 279 1404 xutx.
301 1341 333 1406 3.
369 1341 657 1424 ‘inexpugnabile
686 1341 933 1417 munimentum,
961 1344 1164 1407 monimento
1194 1363 1259 1408 uon

159 1443 282 1522 egere:

206 1543 272 1607 Sed
293 1561 459 1627 oxymora
480 1543 539 1606 illa
563 1543 746 1608 admonent
768 1564 832 1608 nos
851 1543 893 1608 de
917 1545 1042 1626 liguris,
1059 1544 1101 1610 ad
1118 1565 1204 1628 quas
1225 1555 1260 1612 et

159 1645 267 1726 ipsas,
282 1653 440 1728 tanquam
457 1665 520 1708 nou
537 1645 673 1710 minima
685 1647 850 1710 orationis
865 1663 938 1709 suae
949 1646 1086 1724 decora,
1103 1653 1260 1730 spectau-

159 1745 236 1816 das,
258 1746 292 1808 in
314 1745 477 1828 Epistola,
497 1749 593 1832 cnjus
616 1765 782 1811 summam
805 1748 904 1829 paolo
928 1756 1002 1811 autc
1026 1751 1257 1830 cognovimus,

158 1847 305 1910 lectores
331 1849 452 1911 invitat
477 1849 594 1912 addito
613 1848 746 1931 judicio
768 1848 851 1912 hoc:
874 1847 1095 1912 ‘Orationem
1116 1850 1256 1930 figurare

157 1950 264 2024 varie,
287 1949 353 2012 uisi
373 1949 525 2023 eruditis,
543 1959 699 2031 negatum
722 1949 820 2014 esse.’
864 1948 997 2031 Figuris
1019 1956 1132 2012 autem
1154 1968 1259 2032 quao-

159 2055 230 2113 tnm
254 2045 412 2126 tribuerit,
429 2050 568 2115 aliunde
589 2053 701 2126 etiem,
719 2067 766 2114 ex
787 2051 852 2134 Ep.
869 2069 894 2114 r.
908 2051 942 2114 2.
957 2056 1098 2128 constat,
1113 2051 1172 2114 ubi
1192 2048 1258 2114 Ar·

158 2152 255 2214 riarm
277 2152 405 2227 scribit,
421 2157 571 2214 tentasse
585 2167 623 2214 se
639 2152 673 2214 in
689 2152 788 2226 libro,
804 2169 903 2234 quem
923 2152 991 2234 ipsi
1007 2151 1132 2216 miserit
1146 2171 1257 2216 emen·

157 2251 317 2328 dandum,
329 2251 450 2316 imitari
463 2252 721 2315 Demosthenem
734 2259 766 2315 et
779 2251 931 2329 Calvum,
944 2252 1077 2334 ‘liguris
1088 2252 1258 2318 duntaxat

156 2354 344 2418 orationis?
379 2352 499 2416 Oratio
515 2353 587 2415 siue
600 2351 725 2433 liguris,
742 2369 805 2416 uec
819 2354 884 2416 uisi
900 2353 1040 2434 vulgari,
1056 2373 1134 2437 quae
1149 2355 1257 2436 prima

158 2473 199 2518 se
218 2455 385 2536 cogitanti
409 2454 517 2531 offert,
540 2453 667 2518 ratione
686 2453 877 2528 decurrens,
904 2455 1024 2518 similis
1046 2464 1101 2519 est
1122 2457 1255 2532 oratori,

154 2557 246 2620 inter
270 2557 447 2622 dicendum
477 2573 540 2620 neo
557 2555 692 2619 uoltum
720 2556 790 2618 ullo
815 2555 918 2618 modo
944 2557 1256 2638 componentium

157 2657 298 2720 brachia
323 2655 465 2719 aliamve
488 2656 637 2737 corporis
661 2663 785 2736 partem
808 2655 965 2731 moventi,
988 2655 1046 2718 sed
1068 2655 1173 2736 rigido
1196 2656 1256 2720 ha·

156 2756 243 2834 bitu,
264 2759 351 2840 sigui
373 2757 547 2822 marmorei
569 2758 683 2833 instar,
706 2757 809 2820 rerba
830 2773 895 2819 sua
914 2757 1079 2818 recitanti.
1124 2753 1254 2822 Verum

154 2864 190 2922 et
213 2860 389 2922 orationem
414 2859 539 2940 ubique
555 2862 614 2921 aut
627 2875 783 2941 perverse
797 2856 971 2938 figuratam
987 2875 1052 2920 uon
1074 2857 1159 2922 male
1175 2877 1252 2924 cou-

153 2961 274 3024 tuleris
304 2961 423 3036 actori,
450 2965 509 3023 aut
537 2958 770 3035 indesinenter,
800 2962 860 3021 aut
889 2957 1001 3040 inepte
1030 2960 1254 3039 gesticulanti.

157 3060 251 3140 Quid
279 3079 358 3140 ergo
386 3062 463 3123 estt
519 3059 650 3140 Nempe
679 3059 960 3142 quemadmodum
986 3059 1098 3123 videre
1124 3068 1255 3144 oportet

156 3161 333 3238 dicentem,
360 3167 397 3225 nt
421 3161 531 3226 vultus
556 3167 734 3240 motusque
764 3159 914 3239 corporis
939 3165 1006 3221 tam
1036 3159 1150 3223 decori
1175 3163 1253 3237 sint,

156 3266 259 3346 quam
282 3263 395 3326 verbis
415 3264 485 3328 suis
507 3257 769 3338 accommodati3
790 3259 839 3322 ita
859 3267 893 3322 et
911 3258 1054 3340 figurare
1068 3262 1252 3327 orationem

153 3380 222 3426 non
249 3365 341 3426 varie
365 3363 488 3435 solum,
514 3359 571 3424 sed
597 3361 738 3424 scienter
763 3360 863 3422 etiam
886 3360 1119 3445 eleganterque
1145 3363 1251 3430 decet.

155 3462 215 3528 Sic
230 3463 390 3527 adhibitae
405 3462 532 3543 tigurae,
551 3462 601 3524 vel
622 3461 769 3524 maxime
783 3461 938 3542 vulgares
951 3466 986 3524 et
1000 3483 1019 3525 e
1035 3466 1144 3528 medlo
1160 3484 1253 3530 sum·

156 3572 217 3642 tae,
243 3564 381 3628 mirifice
409 3571 539 3639 ornant,
567 3561 749 3640 delectant,
780 3571 925 3640 movent,
950 3567 1253 3650 sententiarumque

153 3667 288 3750 pondus
311 3672 442 3748 augent.
487 3664 578 3743 Quid
601 3666 783 3746 vulgarius,
800 3666 903 3732 etiarn
922 3667 956 3728 in
978 3667 1050 3728 vita
1070 3669 1251 3741 communi,

152 3768 433 3848 interrogatioue'l
478 3765 616 3847 Egregie
637 3771 747 3829 tamen
767 3785 841 3830 eam
865 3765 1064 3830 acicerone
1079 3787 1155 3830 curn
1171 3768 1251 3832 alibi

155 3887 248 3952 saepe
270 3869 457 3932 adhibitam
479 3885 567 3942 esse,
582 3874 653 3931 tum
677 3868 710 3930 in
731 3867 809 3934 illo:
832 3865 950 3945 ‘Quid
973 3868 1061 3932 enim
1083 3873 1162 3930 tuus
1181 3869 1250 3948 ille,

151 3971 299 4046 Tubero,
314 3969 494 4033 destrictus
513 3971 547 4031 in
566 3969 640 4033 acie
656 3969 851 4034 Pharsalica
865 3969 998 4051 gladius
1012 3969 1165 4048 agebatl'
1185 3972 1249 4035 ele·

153 4073 372 4152 gantissimus
388 4071 532 4154 quisque
546 4071 676 4135 fatetur.
714 4071 795 4135 Nou
806 4072 892 4135 male
904 4072 1002 4152 igitur
1014 4070 1148 4134 Plinius
1158 4071 1249 4151 fecit,

153 4172 184 4237 si
202 4173 236 4235 in
258 4171 430 4254 figuranda
452 4172 602 4236 oratioue
623 4191 686 4237 sua
708 4173 915 4256 aliquantum
935 4171 1038 4242 ,studit
1057 4173 1248 4241 collocavit.
