3022 4852
245 365 288 432 16
543 379 591 426 on
618 378 737 426 rursu
765 378 1007 428 ranncrnrco

245 545 266 588 a
281 543 389 586 rerum
404 523 576 606 scriptore.
621 521 686 587 Ille
709 523 797 586 enim
817 542 883 586 non
906 528 1029 600 namet,
1046 523 1126 606 quid
1139 532 1271 606 gestum
1286 527 1341 602 sit,

244 624 302 690 sed
318 625 467 708 cujusvis
481 624 528 687 rei
549 629 665 705 gestae,
679 620 832 706 cujusvis
847 622 978 688 virtutis
993 625 1222 705 praestantiam
1239 633 1275 690 et
1287 645 1342 690 sa-

241 728 440 792 luberrimos
455 715 593 790 effecius
609 725 696 789 omni
712 744 756 787 ex
772 731 869 808 parte
884 725 1083 807 amplificat,
1101 727 1257 790 omnibus
1273 729 1340 792 elo-

242 830 388 912 quentiae
404 829 571 893 illecebris
586 833 682 892 ornat
697 832 731 892 et
744 827 965 903 commendat,
985 835 1022 892 ut
1041 847 1138 892 nemo
1153 829 1254 892 facile
1270 836 1340 894 tam

242 932 345 996 durus
361 933 405 996 sit
424 939 459 996 at
472 932 593 1005 lentus,
614 929 695 1013 'quin
715 949 827 994 amore
848 928 924 1012 ejus
950 935 1071 1013 captus
1093 930 1253 996 trabatur.
1299 933 1342 997 Et

239 1032 405 1098 Romanis
420 1031 566 1115 quidem,
582 1033 638 1115 qui
655 1032 913 1115 permaximum
928 1031 1044 1113 integri
1058 1033 1175 1098 saecoli
1189 1035 1338 1118 spatium

238 1135 301 1198 sub
317 1134 580 1198 saevissimorum
598 1141 809 1215 tyrannorum
833 1133 991 1215 superbia
1010 1137 1044 1196 et
1063 1134 1259 1200 crudelitate
1282 1157 1338 1218 ge·

237 1239 401 1308 muerant,
420 1234 487 1298 tale
503 1233 706 1316 exemplum,
729 1233 848 1298 futuris
871 1233 1082 1316 principibus
1101 1235 1224 1316 ingenii
1238 1238 1338 1318 copia

192 1396 195 1408 ,
236 1335 517 1412 commendatum,
532 1335 599 1398 talc
614 1334 724 1397 lumen
739 1355 759 1398 e
773 1335 915 1416 specula
929 1333 1034 1397 veluti
1048 1333 1167 1400 iisdem
1182 1339 1338 1418 proposi·

236 1443 319 1514 tum,
334 1438 488 1519 inprimis
508 1441 634 1518 gratum
652 1455 726 1499 esse
742 1436 898 1499 debebat.
942 1432 1132 1500 Verendum
1145 1439 1231 1500 enim
1250 1450 1335 1515 erat,

234 1559 275 1604 ne
291 1539 538 1621 posterioribus
553 1555 686 1619 quoquc
709 1539 913 1618 temporibus
932 1537 1107 1621 imperinm
1131 1535 1173 1601 ad
1190 1558 1226 1602 se
1240 1558 1336 1632 rape·

233 1649 316 1716 rent,
333 1639 392 1722 qni
404 1643 570 1722 putarent,
582 1656 687 1720 posse
702 1657 741 1701 se
750 1636 886 1715 Tiberii,
897 1637 930 1702 N
933 1641 1052 1714 aronis,
1063 1638 1248 1704 Domitiani
1261 1660 1334 1704 ves-

233 1742 318 1822 tigia
336 1760 506 1830 premere:
529 1761 613 1823 quos
625 1740 787 1804 deterrere
802 1759 822 1804 a
836 1739 942 1805 lurore
955 1761 1018 1806 suo
1031 1748 1183 1824 poterant
1197 1742 1334 1826 Trajani

232 1843 362 1921 landes,
377 1843 461 1907 inter
475 1841 661 1906 Domitiani
678 1842 912 1906 execrationes
926 1843 1011 1926 ipsis
1026 1861 1160 1926 quoque
1172 1843 1214 1908 ad
1229 1865 1332 1922 mmu-

231 1945 368 2009 landom
392 1943 644 2008 commendatae.
689 1942 798 2006 Moris
813 1943 915 2025 igitur
940 1950 975 2008 et
989 1946 1203 2010 auctoritatis
1217 1966 1332 2011 neces·

231 2048 317 2110 sitas
342 2047 488 2110 Plinium
507 2046 610 2129 jussit
629 2046 715 2110 banc
741 2047 925 2110 orationem
943 2047 1085 2113 breviter
1104 2047 1247 2112 habere:
1271 2049 1329 2114 sed

230 2155 343 2230 gratus
359 2147 503 2224 animus,
520 2147 733 2231 studiumque
747 2149 979 2232 prospiciendi
994 2155 1200 2231 posterorum
1216 2151 1329 2229 saluti,

229 2269 308 2333 quar
339 2248 535 2330 Principum
561 2235 707 2313 muribus
729 2252 855 2328 nititur,
875 2270 951 2314 eum
970 2250 1112 2334 impulit,
1133 2257 1168 2314 ut
1192 2252 1328 2314 uberius

229 2350 436 2414 elaboratam
462 2351 581 2413 suturis
607 2352 745 2415 saeculis
773 2352 926 2417 traderet.
972 2350 1203 2417 Reverendum
1229 2353 1329 2434 igitur

227 2450 323 2528 illud,
339 2451 404 2515 boc
419 2457 560 2534 utroque
580 2452 695 2516 saltem
716 2453 857 2532 nomine,
876 2473 972 2537 opus,
984 2473 1051 2538 per
1070 2461 1122 2518 tot
1143 2453 1269 2518 sarcula
1285 2455 1327 2518 ad

227 2571 288 2615 nos
300 2558 532 2636 propagatum,
547 2554 632 2635 grati
647 2555 866 2638 accipiamus,
882 2553 1050 2638 idemque,
1066 2556 1130 2618 nisi
1145 2555 1235 2618 curis
1250 2574 1327 2618 nos-

113 2695 116 2704 ·
225 2657 286 2719 tris
302 2656 514 2720 emendatius
529 2655 701 2733 redditum,
713 2662 799 2720 certe
809 2655 995 2739 incorrupte
1006 2662 1253 2733 conservatum,
1266 2659 1326 2720 mi·

224 2759 363 2820 neribus
378 2759 501 2822 nostris
515 2758 752 2840 relinquamus.

268 2859 370 2923 Prius
385 2878 465 2923 vero
481 2879 583 2940 quam
599 2868 745 2922 nostrum
765 2861 1012 2943 qualecumque
1027 2860 1068 2924 dc
1083 2858 1149 2924 hac
1162 2857 1323 2926 Oratione

218 2958 386 3040 judicium
408 2961 442 3023 in
468 2959 612 3024 medinm
638 2961 825 3037 afferamus,
850 2981 918 3024 non
943 2961 1085 3024 alienum
1107 2959 1218 3037 luerit,
1241 2963 1323 3044 quid

223 3062 298 3144 ipse
314 3063 386 3146 ejus
404 3070 524 3128 auctor
538 3061 579 3124 de
594 3082 634 3126 ea
653 3062 865 3146 judicaverit,
882 3061 1030 3145 quidque
1048 3063 1081 3124 in
1098 3081 1139 3126 ea
1155 3064 1323 3126 aestiman-

223 3163 268 3226 da
282 3164 496 3246 potissimum
513 3166 659 3247 spectari
676 3166 829 3242 voluerit,
846 3183 1056 3244 cognoscere.
1079 3162 1236 3240 ‘lnhoc,’
1253 3163 1321 3228 Ro-

221 3284 389 3336 marrosuo
402 3269 531 3344 scribit,
546 3268 755 3332 ‘consideres
766 3268 865 3331 velim
878 3275 916 3331 ut
925 3264 1205 3349 pulchritudinem
1217 3274 1318 3330 mate·

220 3366 291 3442 riae,
303 3368 351 3430 ita
367 3367 606 3431 difficultatem.
640 3368 680 3430 In
697 3369 816 3432 ceteris
832 3369 919 3430 enim
936 3367 1087 3430 lectorem
1098 3367 1230 3431 novitas
1243 3368 1321 3448 ipsa

221 3469 385 3531 intentum
400 3468 523 3534 habet:
545 3471 579 3532 in
593 3470 756 3545 besueta,
769 3468 1002 3553 vulgatadicta
1015 3468 1213 3531 suntomnia
1227 3487 1236 3528 ι
1252 3489 1320 3551 quo

220 3567 271 3644 fit,
286 3574 326 3632 ut
341 3571 438 3651 quasi
453 3571 580 3634 otiosus
595 3571 672 3646 (non
684 3572 827 3634 intentus
838 3570 936 3634 novis
947 3571 1046 3634 rebus
1058 3570 1320 3650 cognoscendis)

219 3688 426 3754 secumsque
437 3670 517 3756 (non
534 3691 653 3736 curans
667 3691 730 3750 res,
745 3692 822 3756 quae
838 3678 1028 3747 tractantur,
1042 3672 1169 3754 quippe
1184 3672 1249 3735 sibi
1261 3692 1319 3734 no·

219 3773 288 3855 tas)
299 3774 544 3864 lectortantum
560 3775 744 3839 elocutioni
761 3781 875 3854 vacet;
898 3775 932 3838 in
947 3792 1012 3857 qua
1027 3774 1219 3837 satisfacere
1229 3773 1318 3838 diffi-

219 3872 317 3936 cilius
329 3882 392 3954 est,
409 3877 576 3970 cumflsola
590 3874 792 3941 aestimetur!
835 3876 959 3940 Merito
976 3876 1089 3939 laudat
1100 3874 1318 3959 pulchritudi-

217 3993 295 4037 nem
310 3977 468 4042 materiae.
500 3975 591 4055 Quid
606 3979 691 4041 enim
709 3978 881 4061 pulchrius
893 3978 1019 4062 optimo
1029 3976 1201 4061 Principe,
1218 3998 1317 4060 quem

218 4073 398 4168 Trajanum
409 4078 528 4152 luisse,
541 4078 664 4155 omnia,
680 4069 757 4162 qriae
772 4085 909 4156 restant,
923 4079 1089 4141 literarum
1105 4086 1317 4142 monumenta

218 4177 406 4240 testantur?
451 4177 542 4257 Quid
564 4180 745 4263 pulchrius,
766 4199 867 4263 quam
889 4179 1030 4245 virtutes
1045 4180 1120 4244 illas
1135 4181 1315 4262 imperato-
