3050 4842
236 347 303 412 ter
559 359 775 408 scnwsnzrr
802 359 1001 410 nxounsos

237 501 362 558 membro,
373 507 462 552 certeis
468 501 616 565 foripseerm
624 500 745 552 omissum
753 515 809 551 esse
818 501 1036 564 rerbumfirrsars,
1047 506 1171 564 promere,
1180 507 1224 551 sut
1235 502 1331 565 simile3

236 599 296 634 eum
309 585 335 632 in
347 582 498 647 quibusdam
511 581 644 632 codicibus
656 596 706 630 non
720 596 778 630 rara
794 582 845 630 sint
857 596 947 631 vocum
957 582 1107 630 emissarum
1122 583 1251 646 exempla.
1286 582 1331 632 nl·

235 671 294 714 tere
305 663 372 713 ratio
383 662 553 726 expositionis
569 661 752 712 Arutaenianre
770 676 801 712 eo
812 661 905 717 tendit,
919 661 1021 711 utillud
1035 675 1141 724 premere
1151 677 1183 711 ex
1199 662 1331 725 sequeuti-

235 743 284 793 bue
306 743 389 792 enimn
407 743 563 798 retrebutor,
582 751 613 790 et
633 757 691 792 eum
713 743 799 806 priore
816 741 931 792 membro
949 742 987 792 sic
1005 747 1185 791 construetur:
1202 742 1331 804 speciosum

234 829 285 880 eet,
307 827 396 873 certem
411 820 464 882 seri
479 836 560 884 parem
577 824 636 870 selle
652 823 728 872 rurali
748 835 862 884 messere·
895 823 978 872 Luem
1000 837 1033 870 ex
1048 823 1211 872 Quintilisno
1226 823 1329 877 allatus,

235 904 354 964 ‘Forum
373 901 442 962 qunti
460 901 522 950 mibi
536 903 660 965 templum
679 901 808 967 qnoddsm
825 902 897 966 pecie
916 901 1038 964 ridetur,’
1049 904 1127 964 plene
1139 902 1187 950 huc
1205 915 1255 950 nou
1268 915 1331 964 qoe-

233 984 303 1034 drat.
336 983 493 1034 Dabimus·
509 983 589 1043 enim,
602 997 634 1032 sn
652 983 732 1045 probo
750 982 863 1044 dicetur,
878 982 1013 1045 duriorum
1030 988 1074 1043 eet,
1084 987 1172 1031 certam
1179 981 1234 1041 seri
1248 994 1330 1043 moras

231 1065 291 1113 selle
305 1061 381 1112 aureli
390 1059 515 1125 premerel
548 1061 688 1126 Nunquam
701 1061 847 1112 dubitaturi
863 1076 986 1119 essemus,
1005 1063 1027 1111 si
1045 1063 1170 1124 seriptum
1182 1067 1259 1114 esset,
1270 1060 1328 1122 Spe·

232 1141 320 1193 riorum
334 1146 381 1202 eet,
392 1142 486 1202 somer,
497 1141 539 1190 cui
551 1147 579 1190 to
591 1155 682 1204 pacem
701 1142 851 1204 reddidisti3
870 1143 940 1206 (serr,
952 1143 1019 1207 quod
1035 1142 1094 1192 milri
1110 1142 1236 1205 ternplum
1248 1139 1328 1205 quod·

233 1222 292 1272 tlern
303 1223 374 1286 pecie
389 1220 522 1284 ridetnr3)
537 1221 610 1284 ouidi
619 1223 733 1271 ιἰιιιιιιιιιιι
743 1237 836 1284 compos
844 1224 903 1272 selis
914 1223 999 1282 curali,
1012 1222 1156 1285 uictorisque
1164 1222 1267 1282 uestigio
1274 1235 1329 1283 pre·

231 1317 302 1353 serre.
335 1303 362 1352 Sl
374 1303 431 1365 qoie
442 1302 524 1362 dicet,
534 1301 623 1351 duram
636 1316 692 1352 esse
704 1303 823 1366 loquendi
835 1303 974 1364 rationem,
991 1305 1049 1354 selle
1058 1316 1166 1366 premere
1173 1301 1330 1365 pacem-sori,

232 1383 315 1434 tradit
331 1381 495 1442 Αιιιιιοιιίιιι,
513 1383 539 1430 in
560 1383 662 1446 integra
680 1386 811 1434 sententie
825 1397 901 1433 ιιιιιιιιι
920 1385 1027 1434 verbnm
1049 1399 1099 1434 non
1117 1397 1193 1448 aeque
1210 1381 1328 1430 omnibns

230 1462 402 1512 substantivis
413 1463 561 1512 conventre.
595 1463 632 1511 At
645 1463 758 1525 regulam
771 1464 851 1526 illem,
862 1477 921 1527 quie
930 1463 1015 1512 dubiis
1026 1471 1054 1512 et
1063 1461 1231 1512 insolentibus
1242 1473 1328 1509 exam·

231 1542 282 1606 plis
298 1542 399 1604 nititur,
410 1543 489 1592 nolim
502 1548 554 1590 tarn
567 1541 711 1592 liberaliter
724 1543 756 1591 ad
769 1543 844 1605 plura
855 1543 934 1591 Plinii
952 1542 1009 1591 loca
1026 1543 1168 1606 applicare,
1180 1540 1295 1603 inprimis
1306 1541 1328 1589 sl

230 1622 317 1671 lenius
329 1621 471 1671 remedium
481 1621 636 1672 emendandi
649 1623 699 1671 loei
710 1622 823 1686 ambigui
835 1625 958 1687 supersit.
989 1623 1116 1686 Superest
1129 1631 1215 1670 eutem
1227 1622 1254 1669 ia
1266 1634 1329 1669 roee

227 1707 332 1763 perlem
348 1715 426 1765 qoam
443 1703 474 1750 P.
489 1701 575 1750 Faber
595 1716 643 1764 pro
665 1715 730 1751 soce
746 1717 828 1766 peresa
843 1703 989 1752 annotarit.
1022 1703 1063 1751 Ad
1082 1701 1229 1751 eritsodsm
1247 1702 1328 1762 igitur

228 1789 285 1830 tem
297 1782 387 1830 durem
400 1789 428 1832 et
439 1782 593 1832 insolentem
605 1782 728 1847 loquendi
741 1782 886 1838 formulsm,
897 1783 954 1832 trec
965 1781 1114 1831 emendatio
1124 1795 1175 1829 non
1187 1781 1327 1842 intempes-

229 1860 295 1921 tirs,
312 1861 358 1910 sed
378 1861 505 1924 probabili
523 1875 555 1911 ac
570 1860 641 1911 facili
659 1863 754 1913 nititur
765 1865 926 1926 conjectura,
936 1876 1013 1926 quam
1026 1859 1141 1926 quaedam
1154 1871 1245 1910 socrum
1257 1861 1328 1908 sinri-

228 1939 322 2004 litndo,
344 1948 371 1990 et
388 1941 443 2004 ipss
463 1941 604 1990 necessitas
624 1943 750 2005 suggerit.
783 1943 831 1992 cni
853 1941 1029 1991 emendationi
1051 1941 1155 1989 omniuo
1177 1939 1327 2002 praesidium

231 2016 340 2068 effertur
350 2033 384 2068 ex
395 2033 438 2081 eo,
450 2019 517 2083 qnod
530 2019 632 2068 Plinius
644 2024 742 2080 cortens,
759 2019 785 2068 id
802 2024 852 2080 est,
872 2019 1004 2068 definitam
1025 2026 1052 2067 et
1065 2021 1186 2080 exiguam
1198 2017 1326 2082 qsrsedem

225 2097 279 2155 jori
285 2103 386 2160 ριιιιιιιι,
394 2112 453 2146 cum
462 2097 627 2158 immanibus,
637 2097 663 2146 id
672 2105 723 2159 eet,
734 2098 892 2160 ingentibus,
905 2099 1037 2160 vestisque
1047 2099 1146 2160 campis
1156 2096 1265 2146 confert.
1282 2097 1327 2146 Sic

227 2176 357 2239 'Virgilius
372 2176 407 2226 de
425 2177 525 2240 mugnis
538 2178 652 2239 templis,
667 2178 725 2226 JEn.
740 2191 778 2228 rr.
791 2182 846 2227 luti.
863 2178 987 2240 ‘Temple
1001 2179 1061 2229 Jori
1077 2186 1192 2237 eentum,
1210 2177 1269 2224 latis
1281 2177 1327 2225 im·

226 2257 316 2305 menie
335 2256 432 2318 regnis,
453 2257 564 2305 centurn
581 2271 639 2305 eras
651 2257 764 2319 ‘posuit'
798 2258 912 2306 Velleius
928 2258 1162 2316 rr.btt·‘1mmanis
1179 2255 1327 2320 frequentia

226 2333 387 2384 amicornm!
429 2335 523 2398 Neque
539 2335 676 2398 quicquam
698 2335 841 2398 profecerit
862 2336 1031 2399 Arntaeuius,
1053 2337 1074 2384 si
1101 2337 1214 2385 immores
1234 2350 1325 2398 compos

231 2427 363 2477 exponere
382 2415 501 2463 moluerit
521 2427 567 2477 per
584 2415 702 2476 regiones
722 2415 854 2477 barbaras,
872 2423 1020 2480 queuntes
1037 2429 1085 2464 nee
1100 2417 1171 2478 jura,
1189 2429 1237 2463 nec
1253 2417 1323 2477 leges

228 2501 419 2558 agnoscerenrs
436 2494 526 2542 lrarorn
544 2495 611 2544 euim
631 2494 797 2544 barbaramm
813 2503 840 2544 et
859 2505 935 2544 entes
947 2496 1015 2558 juris
1032 2496 1178 2556 ignotarum
1193 2496 1324 2556 regionum

230 2575 348 2625 vastitati
360 2575 439 2624 nihilo
449 2575 532 2624 minue
543 2574 639 2637 opponi
651 2575 736 2636 potuit
745 2582 819 2623 certa
829 2581 857 2623 et
869 2576 963 2638 exigua
975 2589 1035 2637 pars
1046 2573 1097 2622 fori
1107 2573 1227 2629 Romani.
1237 2576 1262 2622 in
1272 2587 1323 2637 ouo

228 2671 323 2718 nempe
335 2656 405 2704 oises
417 2655 499 2718 topeti
509 2657 617 2717 versem,
627 2662 655 2704 et
667 2656 711 2704 ubi
719 2655 779 2718 jure
790 2662 818 2704 et
827 2656 897 2717 leges
910 2655 1017 2704 tractari
1026 2655 1153 2704 solebant.
1186 2655 1225 2702 Ex
1235 2667 1326 2703 necea·

231 2736 310 2784 nitate
322 2735 401 2798 igitur
416 2734 537 2797 quadem,
549 2742 576 2782 et
590 2735 676 2783 doctu
693 2735 874 2784 moderatioris
886 2736 1000 2796 critices,
1018 2734 1135 2798 adeoque
1152 2747 1185 2782 ex
1202 2733 1255 2781 leni
1267 2747 1326 2796 per·

226 2815 382 2869 'mutatione
401 2817 492 2875 portem
514 2827 561 2875 pro
582 2828 665 2876 possm
684 2815 838 2876 recepimus.
871 2814 979 2863 Etiamsi
1003 2829 1063 2862 vero
1086 2814 1160 2862 nobis
1176 2814 1242 2876 ipsis
1257 2813 1323 2862 band

228 2894 381 2956 contigerit,
391 2894 417 2940 in
433 2881 559 2954 ejasm'odt
572 2893 676 2941 codices
688 2893 753 2942 Mss.
768 2892 893 2952 incidere,
905 2893 947 2958 qui
958 2892 1073 2942 retorem
1085 2905 1235 2956 expressum
1248 2907 1323 2941 soca·

230 2974 319 3023 bulum
329 2977 440 3035 porterus
455 2972 609 3035 contingere
628 2983 714 3021 tamen
733 2972 800 3022 iorte
819 2973 917 3036 poterit
933 2973 998 3021 allis.
1031 2974 1116 3021 Etiam
1135 2987 1183 3035 per
1202 2973 1251 3021 trie
1268 2972 1324 3020 fere

232 3053 328 3102 secula
347 3065 422 3100 nemo
433 3052 459 3100 in
471 3051 558 3116 aliquo
577 3053 641 3101 libro
653 3054 751 3116 scripto
763 3053 805 3102 rol
817 3067 914 3102 excuso
924 3053 1110 3102 observaverat
1127 3051 1190 3100 illud
1201 3052 1323 3101 eximium

225 3133 449 3196 supplementum,
472 3133 541 3196 quod
564 3133 589 3181 in
610 3133 727 3196 proximo
750 3148 807 3196 esp.
825 3138 901 3182 nv-b.
918 3133 1116 3180 annotavimus:
1140 3131 1214 3180 nobis
1234 3139 1324 3182 tamen

230 3214 333 3262 densum
350 3212 461 3274 contigit
474 3212 500 3258 id
518 3226 610 3260 eruere
628 3211 806 3276 equibusdam
818 3212 949 3261 codicibus
962 3213 1027 3260 Mas.
1058 3211 1086 3260 Si
1099 3211 1155 3272 quia
1167 3211 1241 3267 alius,
1251 3219 1324 3260 certe

223 3297 258 3343 ‘et
269 3307 317 3354 ego
334 3290 485 3340 difficillime
497 3292 589 3340 desero
601 3295 729 3352 vulgatam
745 3294 880 3342 lectionem
891 3308 898 3352 ς
916 3292 1009 3341 desero
1025 3298 1112 3340 tameo
1124 3299 1196 3351 tunc,
1207 3298 1234 3339 et
1252 3292 1324 3353 qrsasi

229 3372 389 3421 necessitate
401 3369 523 3418 inductus
536 3371 644 3422 admitto
656 3373 756 3422 felicem
769 3389 800 3423 ec
812 3374 976 3422 verisimilem
988 3373 1172 3435 conjecturam,
1184 3371 1206 3420 si
1219 3373 1324 3433 vulgata

230 3449 352 3515 loquendi
370 3451 436 3497 ratio
451 3455 493 3498 est
509 3451 629 3514 insoleus,
647 3455 765 3514 obscura,
782 3469 796 3502 a
813 3454 890 3516 genio
903 3453 981 3501 Plinii
997 3453 1090 3512 aliene,
1109 3459 1136 3500 et
1152 3458 1251 3500 tentum
1270 3465 1320 3500 uon

230 3530 352 3580 absurde.
386 3529 455 3577 'l'alis
470 3543 533 3577 vero
550 3531 629 3579 lectio
642 3533 701 3580 mibi
716 3533 828 3591 ridetur,
843 3534 900 3580 sella
910 3532 988 3580 corais·
996 3546 1102 3594 premere
1111 3537 1200 3578 certam
1211 3531 1265 3590 sori
1279 3546 1321 3592 po·

229 3627 287 3662 cem.
319 3610 404 3658 Multo
415 3617 500 3657 erstem
514 3610 679 3683 luculentior,
691 3617 718 3659 et
730 3611 847 3674 probatae
859 3610 996 3659 [latinitati
1008 3599 1321 3658 convenientiorlornrula

230 3701 280 3747 est,
289 3693 347 3740 selle
354 3689 430 3738 curuli
436 3705 541 3752 premere
549 3691 694 3750 certomfors'
701 3696 801 3754 portem.
835 3692 869 3739 Et
880 3705 955 3754 qnam
968 3689 1044 3739 facile
1055 3689 1110 3738 lieri
1122 3690 1218 3752 potuit,
1230 3695 1258 3736 ut
1265 3689 1320 3751 jans

225 3772 415 3834 antiquissimis
435 3771 602 3833 temporibus,
618 3786 631 3819 s
648 3772 757 3821 librariis
780 3771 893 3833 rudibus,
906 3775 999 3834 portem
1020 3772 1045 3819 in
1061 3783 1142 3832 paoem
1164 3770 1321 3818 mitteretur!

229 3852 321 3902 Totam
332 3857 419 3900 temen
431 3865 532 3900 eausam
546 3852 650 3900 aliorum
660 3843 759 3915 judicio
771 3851 905 3901 submittu'.
1211 3857 1214 3862 '
