3050 4842
483 383 534 432 ιι)
558 378 842 432 ιιιιιιοιιιιοιιιι
867 377 1002 430 rursus.
1228 363 1294 431 433

183 527 334 581 ediderint?
351 525 454 578 Deinde
464 537 555 578 oeeuas
566 522 691 590 giguendi
699 521 819 588 principia
829 519 959 584 admitto;
977 518 1038 586 quis
1047 519 1076 572 in
1087 519 1187 572 duobus
1198 519 1297 572 codici·

186 609 235 664 bus
246 610 313 660 Mas.
325 622 465 673 expressus
482 614 534 670 est,
551 612 578 658 et
595 605 622 658 in
635 605 763 668 omnibns,
772 618 822 669 per
840 602 993 668 adjunctum
1013 600 1182 666 participium
1198 603 1298 660 atonis.

186 691 262 757 qussi
281 690 365 755 digito
383 690 540 742 ostenditur.
572 689 658 741 Quam
679 687 795 752 proclive
812 699 892 750 porro
914 690 962 749 eat,
982 689 1158 748 congruentes
1175 697 1252 736 casua
1271 685 1298 736 iu

187 773 283 824 ceteria
295 771 402 823 uocibus
419 771 548 827 invenire,
562 775 640 836 etque
658 783 692 818 ex
704 774 830 830 corrupta
846 767 979 831 scriptura
995 765 1135 830 equitatus,
1144 765 1187 816 sel
1198 767 1300 830 equilus,

184 867 277 904 eruere
287 855 412 916 ecculm
429 865 505 917 quarn
524 864 615 902 rocem
629 849 704 899 ruder
717 847 816 900 librarii
828 847 907 898 etiarn
924 847 950 897 in
962 861 1050 898 casum
1070 845 1220 914 nominandi
1236 845 1299 898 dec·

186 931 293 984 teudam
305 938 587 996 putarnm‚possqaam
597 945 629 982 ex
641 929 757 994 genitivo
762 927 890 994 principis,
902 929 971 980 idem
982 943 1058 980 casus
1069 927 1221 980 nominandi
1228 928 1300 993 prin·

184 1027 238 1078 eeps
251 1014 307 1077 jam
325 1013 475 1078 irrepserat.
509 1005 654 1068 Pr'aeterea.
665 1011 727 1076 qnia
737 1011 846 1062 verbum
858 1010 949 1062 intueri
967 1012 994 1061 in
1010 1011 1130 1062 omnibus
1146 1023 1212 1075 quoe
1232 1009 1298 1060 ridi·

184 1109 244 1145 snus
255 1093 368 1158 antiquis
378 1092 463 1156 libris,
475 1093 531 1143 sine
543 1093 638 1157 eopuls
649 1106 703 1156 pse,
714 1092 839 1156 ponitur3
852 1092 948 1157 ntique
959 1092 1025 1142 alius
1041 1090 1079 1142 ibi
1090 1089 1210 1142 defectus
1221 1091 1297 1150 latet,

185 1177 300 1242 quinon
326 1175 499 1240 commodine,
521 1189 600 1240 quarn
618 1189 666 1238 per
691 1175 776 1238 ipsum
792 1173 941 1225 Pliniaucrn
962 1173 1070 1224 uerbum
1091 1172 1206 1234 contigit,
1227 1173 1301 1239 qnod

185 1257 288 1308 librarii
310 1264 433 1321 repetere
455 1255 608 1318 omiserunt,
625 1256 772 1320 suppletur.
806 1255 930 1322 Denique
948 1253 1129 1306 metuendum
1141 1254 1221 1305 etiam
1233 1260 1299 1319 poto

186 1351 282 1390 nornen
291 1339 387 1399 bonore,
400 1337 470 1403 qaod
482 1337 614 1390 Livineius
626 1337 652 1398 iu
665 1337 774 1402 antiquo
787 1336 879 1388 codice
896 1337 1043 1398 invenerat,
1054 1335 1177 1402 quodque
1188 1335 1299 1404 librarii,

186 1419 373 1484 peopteridem
382 1432 475 1470 nomeu
487 1419 514 1468 in
524 1433 585 1469 casu
598 1418 738 1469 accurandi
749 1418 919 1483 subsequens,
931 1417 1167 1482 praetermiserant.
1199 1417 1298 1482 Super·

185 1514 332 1550 vacaneum
350 1507 440 1552 sutona
454 1498 536 1564 foret,
548 1499 665 1565 pluribus
681 1499 863 1564 comprobem,
880 1499 949 1564 qood
961 1505 1036 1550 rente
1052 1496 1165 1562 dicatur,
1179 1495 1300 1562 compsi

183 1581 258 1632 debut
274 1581 393 1645 iosorcrs,
404 1595 490 1644 peresi
508 1595 559 1631 erse
575 1580 746 1645 occipierstibm
761 1581 867 1640 bonore3
883 1579 1101 1646 quemadmodum
1116 1580 1210 1632 Cicero
1223 1579 1301 1643 dixit,

184 1663 277 1713 ‘omni
289 1662 388 1714 uirtute
407 1669 436 1713 et
452 1663 532 1714 laude
548 1677 640 1728 parem
657 1675 716 1712 csse
735 1661 838 1725 alteri3'
853 1669 890 1719 et,
902 1668 910 1692 ¹
921 1660 1051 1712 facilitate
1067 1675 1157 1727 parem
1169 1675 1229 1712 ease
1242 1658 1300 1711 iuti·

185 1743 254 1807 mis,'
265 1747 317 1794 esc.
351 1743 405 1796 llic
424 1750 482 1794 erat
501 1744 572 1807 prior
591 1751 701 1796 conatus
716 1758 789 1793 meus
805 1744 882 1808 hujus
898 1744 951 1794 loci
966 1742 1144 1807 explanandi:
1163 1748 1298 1809 postquem

188 1837 250 1874 reso
261 1824 361 1888 majore
374 1824 522 1876 attentione
538 1826 624 1876 omnia
640 1825 739 1890 reliqua
751 1825 862 1888 vestigia
874 1824 970 1875 veteris
982 1825 1122 1889 scriptume
1134 1823 1259 1890 expendi,
1269 1830 1299 1874 et

187 1905 258 1955 inter
268 1921 296 1954 se
307 1906 418 1968 contuli,
435 1907 534 1956 nullum
546 1906 652 1972 quidem
664 1905 771 1956 uerbum
783 1920 878 1955 norum
891 1905 1021 1970 prioribus
1031 1903 1120 1956 serbis
1137 1905 1301 1956 substituen-

187 1986 259 2050 dum,
271 1986 312 2035 rel
320 1985 480 2048 addendum,
486 1987 532 2038 sed
542 2001 573 2036 ea
584 1987 642 2052 ipsa
650 1987 739 2049 priora
752 1986 832 2036 rerba
844 1987 921 2037 aliter
930 1983 1099 2053 inflectenda,
1109 1985 1299 2048 animadverti3

186 2066 235 2116 nisi
246 2067 315 2131 quod
328 2067 396 2117 banc
417 2081 495 2117 unam
508 2081 598 2116 rocem
617 2067 705 2116 bonore
722 2080 792 2116 nnnc
804 2065 986 2116 dimittendam
1002 2073 1103 2132 putem.
1136 2066 1216 2132 Cujus
1235 2067 1301 2130 alte·

187 2149 241 2198 rius
259 2147 429 2198 correctionis
446 2161 511 2198 mere
529 2147 647 2198 rationes
666 2147 697 2196 in
718 2147 783 2211 ipsis
802 2147 1014 2199 annotationibus
1032 2149 1151 2213 exposui.
1184 2149 1226 2200 Ne
1237 2162 1299 2200 vero

186 2231 300 2281 lectores
319 2245 352 2281 ea
363 2229 546 2280 emendatione
558 2229 681 2280 fraudare
692 2230 761 2279 uelle
772 2229 875 2294 videar,
885 2244 961 2296 quam
972 2231 1110 2296 proposuit
1126 2231 1301 2294 Amteenius;

187 2326 254 2377 pace
273 2311 329 2376 ejua
347 2312 478 2376 integram
491 2311 570 2362 istam
592 2311 788 2362 annotationem
809 2312 860 2362 buc
877 2309 1043 2363 transieram·
1075 2312 1213 2366 Quomodo
1236 2327 1300 2364 vero

187 2407 259 2456 tagre
269 2392 363 2452 feram,
375 2393 438 2444 alios
456 2408 529 2445 ame
541 2394 689 2452 dissentire.
706 2409 766 2444 curn
779 2392 834 2458 ipse
850 2393 992 2459 aliquando
1009 2408 1110 2446 meeum
1127 2394 1300 2446 dissentiam?

188 2473 256 2524 linc
268 2480 356 2524 autem
367 2474 407 2524 rir
418 2472 525 2524 doctiss.
537 2473 570 2523 ad
582 2473 652 2524 hunc
665 2475 751 2524 locum
762 2480 950 2526 commentatus
967 2481 1024 2524 est:
1043 2475 1134 2525 ‘Clam
1145 2474 1300 2526 Perizonius

186 2555 350 2619 conjecerat,
367 2569 433 2618 ecque
451 2559 475 2604 el
490 2555 562 2604 emal
580 2559 693 2614 stantem
709 2553 819 2604 aliorum
837 2552 1083 2618 judiclnexcutere
1102 2554 1167 2606 nibil
1183 2555 1300 2619 attinet3

187 2649 266 2686 unum
284 2636 333 2686 boc'
353 2635 448 2701 dicam,
465 2634 492 2684 iu
507 2636 567 2686 ioco
585 2641 638 2687 tum
650 2635 723 2686 varie
735 2642 829 2686 vexato
848 2643 929 2702 atque
948 2636 1049 2701 agitato
1068 2636 1225 2687 tutissimum
1242 2649 1299 2688 eece

188 2717 406 2782 quamproxime
429 2716 463 2768 ad
486 2717 554 2768 Mss.
571 2717 675 2769 codices
704 2717 841 2782 accedere,
860 2731 969 2784 quorum
992 2718 1148 2782 scripturam
1169 2732 1204 2769 ne
1220 2718 1301 2770 uerbo

187 2797 293 2861 quidem
304 2797 441 2848 immutato
449 2797 565 2855 exhibui,
582 2805 610 2848 et
622 2797 658 2856 iri.
668 2797 694 2847 ni
710 2796 794 2855 fallor,
806 2798 906 2863 optimo
918 2812 1014 2850 sensu:
1032 2799 1135 2849 Insolito
1144 2798 1299 2859 antefociee:

184 2878 295 2943 princepe
311 2883 335 2928 el
352 2879 494 2930 candidatae
511 2879 574 2942 oqui
592 2884 683 2928 tumet
701 2879 774 2928 simul
793 2883 904 2938 aionien
922 2879 1013 2930 intueri
1028 2893 1111 2944 parem
1131 2879 1300 2943 accipientibus

187 2960 308 3018 bonorem,
323 2962 365 3024 qni
382 2961 464 3011 debat.
497 2961 536 3011 Ex
548 2959 598 3024 bis,
609 2959 706 3012 insolitu
718 2966 783 3019 ursle,
795 2975 842 3011 suo
848 2961 911 3026 jure
923 2959 1044 3012 defendit
1054 2961 1106 3014 cel.
1122 2961 1300 3025 Schwarzius3

190 3040 217 3090 in
235 3041 332 3092 ceteris
342 3057 394 3092 non
408 3057 478 3107 egre
498 3040 568 3093 feret
579 3041 619 3092 vir
637 3042 847 3105 humanissimus,
858 3043 882 3092 si
900 3057 950 3093 non
963 3043 1027 3093 nibil
1045 3043 1080 3093 ab
1097 3043 1156 3108 ejus
1168 3045 1300 3096 sententia

189 3122 331 3174 dissentire
343 3123 442 3174 ridear.
476 3123 553 3187 AEqui
574 3129 624 3174 tum
636 3123 755 3174 dedimus
772 3124 830 3174 siue
850 3124 904 3174 ulla
915 3125 939 3173 si
956 3139 989 3174 ex
1001 3124 1032 3174 iia
1043 3125 1108 3175 Mes.
1123 3125 1168 3190 qui
1178 3125 1247 3176 suala
1257 3123 1300 3175 ari

191 3204 379 3268 conglutinatis
394 3203 478 3254 literis
490 3203 610 3254 fecerant
620 3203 769 3268 equitum,et
782 3203 843 3253 inde
855 3204 957 3268 equitus,
974 3205 1192 3271 solemniacum
1210 3207 1300 3258 tersui·

189 3287 309 3337 nationes
339 3299 373 3335 ex
393 3284 580 3349 compendiose
601 3284 734 3337 scribendi
755 3285 859 3337 ratione
880 3285 974 3336 millies
988 3289 1192 3351 'permutantem
1224 3288 1300 3352 AEpui

189 3373 269 3418 erant
278 3367 403 3432 equuleo,
417 3367 487 3417 nulla
499 3367 588 3417 bubite
600 3367 741 3432 dignitate,
751 3383 810 3418 cum
825 3369 915 3420 relicto
926 3369 1010 3420 curuli
1021 3370 1048 3419 in
1066 3370 1172 3434 planum
1189 3368 1299 3422 dercen-

192 3447 275 3498 direct
291 3447 443 3513 imperator,
455 3449 521 3500 adeo
534 3457 571 3506 ut,
586 3449 654 3514 quod
672 3449 710 3501 ait
725 3451 840 3514 impurus
854 3449 924 3516 apud
935 3450 1097 3512 Terentium,
1110 3452 1118 3481 ⁴
1131 3466 1207 3517 acqua
1218 3451 1300 3502 omni·

186 3530 236 3581 bus
247 3536 316 3582 earet
326 3529 453 3582 libertas!
472 3531 579 3598 ‘AEquus
589 3529 597 3554 '
608 3545 655 3600 pro
666 3533 674 3563 ‘
686 3531 797 3600 aequuli'
809 3533 871 3598 dici,
882 3548 959 3586 nemo
972 3531 1113 3598 dubitabit,
1126 3539 1154 3584 et
1166 3535 1204 3584 sic
1217 3532 1297 3584 Ouid.

189 3609 258 3662 Met.
270 3625 310 3661 vr.
324 3618 364 3663 10.
382 3613 547 3665 ‘Occiderat
562 3623 656 3680 scater,
667 3615 714 3668 sed
731 3622 759 3668 et
769 3619 826 3668 hec
842 3616 874 3666 de
886 3615 962 3681 plebe
973 3629 1072 3681 suoque
1084 3614 1166 3681 AEqua
1177 3615 1232 3665 viro
1242 3613 1299 3663 lue·

191 3689 252 3738 rat.'
285 3691 325 3740 cl.
333 3694 499 3744 Burmannus
511 3696 545 3745 ad
557 3698 626 3746 Veli.
637 3699 743 3748 Patere.
751 3711 783 3749 rs·
795 3701 837 3749 81.
853 3699 998 3770 ‘Essetque
1010 3697 1036 3747 ei
1045 3697 1183 3760 imperium
1195 3709 1298 3760 aequum

191 3767 218 3817 iu
237 3769 356 3821 omuibus
379 3773 520 3834 provinciis
537 3789 595 3826 cum
616 3778 835 3840 proconsulibue,’
863 3786 891 3828 et
912 3779 945 3829 ad
963 3778 1071 3828 sueton.
1092 3777 1162 3841 Aug.
1183 3790 1241 3841 cup.
1256 3777 1299 3826 se·

191 3849 342 3928 ltrackcub.
352 3851 384 3901 ed
394 3852 441 3906 Sil.
450 3866 494 3904 ιιι.
506 3858 560 3904 192.
577 3856 718 3908 ‘Quantus
730 3871 782 3907 nou
795 3871 883 3921 equae
896 3858 1041 3923 perlustrat
1054 3855 1164 3910 flexibus
1176 3859 1272 3909 Arctoe
1281 3856 1298 3920 ;'

188 3939 217 3983 ot
229 3946 287 3997 quae
300 3929 383 3984 irater
401 3947 475 3986 meus
492 3937 603 4000 protulit
614 3937 647 3988 ad
660 3938 755 3988 Coton.
767 3951 811 3989 ιιι.
821 3944 864 3990 2⁵.
897 3942 938 3991 Ile
956 3939 1109 3992 confusione
1124 3955 1147 3990 re
1160 3947 1188 3990 et
1206 3955 1228 4000 e,
1244 3954 1295 3990 non

190 4018 319 4077 operest,
337 4021 367 4064 ut
383 4015 522 4080 quicquam
534 4016 671 4082 dicamce;
687 4018 792 4070 interim
806 4034 856 4070 non
877 4031 1008 4086 nunqnam
1026 4021 1106 4070 dubis
1121 4021 1160 4071 ite
1179 4020 1300 4070 redditur

190 4092 285 4156 oratio,
296 4093 317 4143 ai
331 4095 368 4144 rei
379 4095 583 4148 verosimilitndo
601 4097 749 4162 permittat,
766 4106 795 4150 nt
807 4100 912 4164 ingenia
924 4099 1044 4151 feliciora
1056 4103 1098 4151 rel
1107 4101 1166 4163 boc,
1178 4102 1220 4151 vel
1233 4102 1299 4152 alte.

191 4189 258 4238 rum,
275 4173 389 4226 audeant
407 4174 630 4246 praesentemque
648 4181 726 4230 tueri.
744 4180 829 4232 avide
847 4181 886 4232 sic
906 4182 956 4231 lrac
968 4181 1058 4232 eadam
1076 4182 1104 4233 in
1116 4196 1182 4232 roco
1197 4182 1299 4232 diesen·

191 4255 288 4306 tientes
300 4256 369 4307 viror
381 4256 472 4309 doctos
485 4259 519 4309 ed
530 4261 639 4313 Petron.
651 4276 675 4312 c.
692 4265 734 4313 tt.
750 4263 876 4329 ‘lEquum
887 4264 961 4315 Mare
978 4261 1067 4328 stipant.i
1099 4261 1181 4314 Addit
1193 4270 1253 4326 tum,
1264 4262 1297 4313 ad

257 4337 379 4404 Delpd.et
395 4339 455 4392 Vur.
465 4342 532 4392 Cius.
662 4343 758 4406 Pang.
774 4343 828 4396 Vct.
1175 4349 1192 4394 2
1210 4345 1232 4394 E
