2992 4838
267 381 332 450 tle
590 397 810 448 euuwlcorr
838 397 1040 448 nxournue

265 537 332 588 libro
343 536 483 602 pertpiooe
495 537 652 602 reperiatur,
671 553 782 604 enroqne
799 539 875 590 einaol
887 545 979 604 qnnrto
990 539 1111 590 lectiorlr
1125 535 1251 589 enriniie
1262 553 1360 604 genere,

177 655 180 660 .
266 617 299 666 de
316 631 368 682 qno
381 630 440 667 mon
452 617 771 678 dicemue,coniirrnetrerr
789 619 857 668 berrd
876 625 975 668 temere
995 625 1036 669 tot
1054 619 1175 668 codiennr
1192 619 1361 684 libroraraqoe

265 709 418 748 corneorum
437 697 634 762 repudiendnm,
655 698 700 747 red
718 698 804 748 Plinio
817 698 984 748 Atticirraum
1002 711 1076 748 ruam
1095 699 1292 762 relinquendum
1308 715 1362 749 cere

263 775 431 833 erbirmaoe,
452 791 532 842 neqne
543 777 604 827 dum
615 778 767 828 retuetlorie
778 777 876 828 codici·
886 779 1043 830 tuotoritnte
1054 779 1105 826 elia
1117 777 1199 827 lectio
1209 779 1363 828 luculentiae

265 857 399 922 probetur.
432 857 509 910 Quod
519 871 583 908 roro
599 857 684 908 edlroo
695 857 826 921 elgillntlm
838 858 871 907 ed
883 865 1003 923 quartem
1019 857 1096 906 intem
1114 857 1251 906 lectionem
1263 858 1367 920 retiner,

266 939 352 988 donea
361 939 476 997 rrimtbe
486 951 517 988 et
528 937 633 988 omnino
643 937 717 987 nobie
725 938 830 988 ridetur
838 937 1023 988 incommodum
1035 951 1066 986 oc
1075 935 1206 986 difficilem
1215 938 1365 999 explicatio-

266 1031 326 1067 ιιιι
335 1017 442 1081 bebere,
453 1017 503 1067 etri
517 1016 632 1066 Beudiur
644 1016 783 1067 tradiderit
793 1019 879 1067 donem
889 1017 987 1067 orientii
997 1016 1050 1066 dini
1061 1017 1117 1079 ejnr
1129 1016 1238 1077 donam,
1247 1016 1365 1080 qnijadi·

266 1096 308 1148 oio
326 1103 355 1146 et
371 1097 475 1148 deiectu
493 1096 577 1146 utitur
597 1097 622 1145 in
642 1096 791 1146 maneribnr
810 1097 983 1148 conferendis.
1015 1097 1116 1146 ediec
1132 1109 1184 1144 non
1199 1096 1365 1157 eotdnbinm,

266 1175 328 1240 qnin
339 1175 429 1226 aeden
440 1175 520 1227 lectio
530 1189 564 1225 err
572 1175 612 1226 lale
623 1176 709 1226 rerbir
717 1177 807 1227 moiri
816 1177 913 1228 ιιίιιιίι
925 1178 1050 1234 orieldem
1061 1189 1134 1224 auem
1145 1174 1262 1225 duxerit.
1295 1176 1364 1226 Quid

267 1252 337 1302 enim
348 1251 497 1316 proelirlno,
508 1265 585 1316 quom
595 1265 629 1302 err
646 1251 777 1316 ocrlptnre
794 1254 895 1317 donent,
907 1254 948 1303 rel
958 1241 1011 1315 ei'ee's,
1027 1253 1079 1318 (uti
1089 1252 1116 1301 iu
1127 1259 1216 1302 nortro
1225 1258 1268 1301 ert
1278 1251 1365 1301 codice

267 1329 334 1394 blo.)
350 1329 475 1396 effingere
492 1331 712 1394 amoeniore
724 1346 782 1382 cnm
796 1333 874 1383 litero
886 1335 897 1382 i
908 1333 980 1382 nullo
990 1333 1051 1382 olim
1063 1338 1160 1395 puncto
1169 1345 1284 1394 enperue
1295 1337 1366 1378 note·

267 1417 350 1465 retnr,
361 1423 445 1475 neqne
456 1409 540 1460 litere
550 1425 576 1474 er,
587 1424 613 1466 re,
622 1425 659 1472 ere,
669 1425 702 1473 ιι,
713 1411 811 1476 ubique
823 1421 875 1461 tem
886 1411 1025 1462 evidenter
1033 1410 1262 1460 discernerentur?
1295 1409 1368 1458 Pra-

268 1495 350 1551 teree‚
361 1488 416 1540 bec
426 1489 518 1540 eedem
530 1489 617 1550 lectio,
635 1503 710 1554 uqne
723 1504 754 1540 tc
771 1491 850 1542 lectio
868 1492 939 1542 tertii
953 1491 1064 1554 generis,
1080 1489 1176 1554 ubique
1188 1489 1368 1552 pretermittit

267 1567 423 1631 porticulum
434 1569 547 1634 cogendi
561 1581 618 1620 oce·
651 1568 738 1632 Unde,
749 1570 817 1634 quod
824 1570 880 1634 jem
892 1571 1030 1627 induimur,
1043 1576 1171 1635 quotquot
1182 1568 1243 1616 libri
1256 1568 1368 1631 produnt

266 1650 353 1700 erere
362 1649 466 1708 ιωίιιίι.
478 1651 589 1703 totidem
603 1656 633 1701 et
652 1651 755 1702 tentitm
772 1652 843 1704 illem
861 1653 1010 1716 lectionem,
1028 1652 1118 1703 deidei
1134 1651 1242 1707 nemetim
1253 1665 1368 1715 compro·

269 1727 333 1779 bere
344 1727 475 1780 ridentur.

654 1982 843 2034 excursus
871 1959 984 2033 xuvr'r.

302 2139 369 2188 Cer.
380 2151 430 2189 nrt.
444 2141 467 2188 l.
484 2139 575 2204 diest,
585 2143 613 2188 eet
624 2139 673 2188 Dei
683 2155 798 2190 mmmm
808 2141 873 2190 inter
883 2139 987 2190 inminet
997 2138 1127 2200 sartiginem
1138 2154 1228 2202 nemer,
1243 2155 1297 2190 cerr
1308 2141 1368 2190 Der·

267 2231 322 2266 reem
338 2219 388 2280 ipre
406 2231 453 2267 troo
471 2220 575 2280 adoptem
603 2219 647 2268 bic
667 2219 860 2283 Berueggerue,
876 2220 1005 2280 Grrnriue,
1025 2218 1162 2282 celleriur,
1178 2227 1208 2268 et
1224 2220 1369 2274 Ceiltrieni.

268 2295 347 2343 verbe
365 2294 421 2344 lrec
440 2292 556 2356 edidere,
574 2296 752 2358 conjecturem
769 2299 861 2362 Lipaii,
879 2299 905 2346 in
922 2299 979 2360 ejm
997 2299 1182 2348 commenticio
1199 2300 1369 2362 propositam,
1477 2333 1480 2347 .

266 2373 365 2424 rectrtl:
379 2385 526 2438 quenquam
537 2373 594 2436 ipre
607 2374 708 2438 Lipriue
720 2376 811 2425 endem
823 2377 890 2426 lruuc
902 2376 928 2424 in
941 2377 1044 2426 modum
1055 2377 1080 2425 in
1092 2377 1261 2426 Plautinierro
1271 2377 1370 2426 obicint

269 2457 403 2508 eorererit
413 2456 583 2509 excudenda:
603 2457 645 2508 sc
653 2458 698 2523 fle,
714 2465 743 2509 rei
759 2460 808 2510 Dei
823 2474 938 2510 eumenem
952 2461 1018 2510 iuter
1030 2461 1133 2510 baminer
1143 2461 1277 2524 sartiginem
1287 2477 1369 2520 serore,

269 2551 323 2586 orm
343 2538 449 2587 Deorum
466 2537 518 2600 ipre
533 2553 581 2587 erno
602 2540 710 2602 adeptor.
741 2539 826 2590 Quam
847 2540 985 2588 lectionem
1007 2540 1085 2588 etiam
1108 2542 1240 2603 expreeeit
1260 2541 1370 2590 Tbonere

272 2617 524 2681 Cevr‚eendemque
539 2619 577 2668 ric
592 2618 674 2668 refert
693 2618 777 2669 codex
791 2619 844 2669 Me.
860 2619 1018 2670 Prteriuur:
1032 2620 1076 2669 die
1087 2620 1133 2685 fii,
1149 2625 1177 2669 eet
1192 2620 1241 2669 Dei
1256 2635 1371 2670 ιιιιιιιιι

269 2697 336 2746 inter
355 2697 460 2747 bomirrre
473 2697 604 2758 sartiginem
622 2711 722 2757 mee,-
741 2713 793 2747 cerr
813 2698 919 2748 Dentrem
938 2699 1039 2747 eandm
1059 2699 1166 2760 edrpiro.
1200 2699 1292 2748 Ceteri
1313 2698 1371 2748 libri

271 2775 359 2826 excuti
371 2789 469 2838 omuer,
480 2783 608 2841 quotquot
620 2775 790 2840 inoperimus,
803 2791 850 2841 pro
862 2776 942 2826 verbo
953 2790 1039 2830 teneo.
1052 2776 1148 2825 liabent
1163 2783 1272 2834 effocet,-
1281 2792 1313 2826 ec
1326 2791 1372 2840 pro

271 2854 352 2904 uerbo
370 2857 476 2917 adoptet,
493 2855 648 2920 eiroplleiter
665 2857 790 2906 exhibent
806 2859 921 2920 odepineer
939 2856 988 2905 uiri
1003 2856 1071 2919 quod
1084 2856 1223 2905 Rhenanus
1242 2858 1334 2907 etitem
1346 2857 1371 2905 in

271 2934 388 2995 margine
400 2934 542 2995 annotarit,
561 2948 608 2998 pro
618 2941 713 2984 emeat
725 2937 789 2986 elice
801 2936 853 3000 legi
862 2950 950 2988 emer.
983 2933 1056 2985 Idem
1068 2933 1177 2984 verbum
1188 2940 1283 2984 moeret
1292 2936 1371 2984 etiem

271 3011 398 3073 retinent,
416 3024 447 3060 nc
459 3019 589 3074 preterea
603 3014 722 3064 ultimum
734 3014 841 3064 verbum
852 3016 960 3077 adeptio,
972 3012 1106 3076 premisso
1117 3012 1198 3072 verbo
1208 3011 1372 3062 eubetentiro

270 3090 315 3151 rie,
338 3091 438 3152 plenius
456 3089 568 3143 efferunt
587 3092 691 3144 codices
708 3095 774 3144 Μιι.
791 3094 923 3150 Vaticani.
947 3091 1205 3157 Gnelpberbytnnor‚
1224 3099 1253 3142 et
1274 3099 1373 3156 noster,

271 3171 389 3235 itemque
400 3172 418 3220 il
429 3186 492 3236 quor
503 3173 542 3223 le.
550 3173 660 3224 Voeeinr
672 3181 700 3223 et
710 3174 812 3222 Gudinr
824 3175 1024 3223 consuluerunt:
1044 3172 1088 3221 Sic
1100 3172 1145 3237 fit,
1161 3177 1188 3220 rei
1201 3172 1248 3221 Dei
1257 3186 1371 3221 ιιιιιιιιι

271 3250 338 3300 ieter
347 3251 451 3300 dominer
461 3253 592 3313 sartiginem
605 3259 780 3316 ommi-orem
796 3255 903 3302 Deorum
919 3253 969 3316 ipre
982 3265 1029 3302 eoo
1042 3252 1077 3300 ιίι
1093 3252 1200 3313 ancum.
1234 3249 1273 3300 Ar
1289 3252 1371 3302 codex

273 3329 429 3380 Poririeurie
441 3337 469 3380 et
481 3338 589 3396 uterque
599 3331 721 3382 Venetus
732 3331 830 3382 hebent
847 3330 951 3395 quidem
970 3329 1078 3380 verbum
1098 3334 1209 3388 rerem
1226 3336 1253 3380 nt
1270 3331 1297 3378 iu
1308 3344 1370 3380 rooe

274 3411 373 3470 adeptor
383 3410 506 3459 cmlttnnt
517 3411 623 3460 verbum
635 3411 825 3460 rubrtentivum
842 3412 886 3460 eie.
920 3409 1024 3474 Liprine
1035 3416 1108 3458 recte
1119 3408 1313 3467 animadvertit,
1324 3423 1371 3473 pro

273 3485 322 3536 bec
333 3487 430 3550 duplici
450 3489 563 3538 lectione
584 3489 715 3552 duplicem
736 3489 892 3540 senteutiam
909 3488 1027 3552 exrculpi
1046 3501 1128 3552 poete.
1168 3488 1245 3540 Quod
1263 3489 1284 3538 ei
1303 3489 1369 3538 enim

274 3567 347 3631 leger
364 3571 466 3624 emeret,
479 3565 568 3629 prodit
579 3566 621 3614 bic
633 3581 738 3616 rentur:
757 3569 815 3616 ‘Ita
826 3565 946 3622 efficitur,
959 3573 988 3615 nt
1001 3566 1044 3616 Dii
1055 3569 1183 3629 colentur,
1195 3573 1224 3615 nt
1239 3566 1326 3629 dccet,
1338 3569 1369 3618 nb

252 3669 256 3678 ·
275 3646 430 3711 bominibue,
442 3659 617 3711 nummumque
628 3645 677 3694 eibi
691 3645 814 3695 honorem
827 3644 960 3696 vindicent
972 3661 979 3706 ς
997 3646 1056 3709 quie
1067 3645 1123 3709 ipre
1134 3659 1184 3695 non
1196 3653 1223 3694 te
1234 3645 1265 3697 iic
1277 3647 1370 3696 inimie-

277 3741 332 3791 cer,
343 3733 372 3778 et
385 3740 471 3777 encroe
488 3733 644 3789 cauctoeqne
663 3723 802 3789 profanae?
841 3725 887 3776 Sin
907 3739 1022 3775 eorumne
1043 3739 1128 3780 moer,
1144 3723 1248 3774 videtur
1268 3726 1370 3776 Pliuine

277 3807 376 3870 dicere,
391 3808 446 3857 ‘Eo
456 3807 522 3871 ipro,
535 3806 602 3870 quod
620 3803 688 3869 inpie
705 3807 776 3856 Deue
787 3805 887 3862 baberi,
906 3819 954 3868 pro
970 3805 1031 3854 Deo
1043 3811 1070 3854 te
1080 3803 1214 3867 habemur,
1234 3811 1280 3854 eut
1295 3813 1369 3854 certe

275 3887 347 3937 ricco
367 3886 423 3950 ejur
439 3887 466 3936 in
487 3885 563 3935 terrie
585 3884 712 3952 gerente?
744 3887 862 3952 Utroque
884 3885 1016 3936 rententle
1037 3885 1121 3946 primo
1143 3882 1239 3933 iutuitu
1261 3885 1368 3946 poicbre

277 4067 338 4125 qaod
358 4063 552 4128 frequententur.
584 4061 660 4112 Unde
684 4062 804 4112 librerias
844 4069 880 4114 ter
899 4063 1023 4127 repoeuic
1039 4060 1083 4110 ubi
1100 4059 1129 4108 rb
1144 4059 1240 4108 ecierrtie
1253 4059 1368 4108 rcribere

279 4136 376 4184 noster,
387 4137 431 4178 eut
446 4131 538 4179 saltem
550 4141 583 4178 ex
595 4127 743 4183 oscitantia,
760 4135 804 4178 eut
844 4129 972 4186 volueret,
983 4134 1028 4178 ent
1038 4131 1112 4176 certe
1122 4123 1259 4174 debueret.

278 4203 313 4239 ex
324 4191 508 4258 intempeetlvo
516 4191 686 4256 correctione,
693 4191 804 4240 ebroice-
