3088 4848
543 368 824 418 rnnaernrcus.
870 370 895 416 r.
917 355 971 418 50.
1239 353 1306 424 263

205 524 276 580 est:
310 513 418 578 malta
439 513 528 578 enim
553 533 597 577 ex
620 511 822 595 patrimonio
844 513 944 580 refert
966 513 1001 576 in
1027 514 1213 598 imperium,
1228 534 1305 603 quae

190 617 333 699 *priores
348 615 519 698 principes
532 615 754 696 occupabant,
764 634 833 678 non
845 620 885 679 nt
899 616 966 698 ipsi
980 614 1175 704 fruerentur,
1188 620 1246 684 sed
1265 639 1306 684 no

204 719 282 801 quis
298 717 398 784 alios.
442 715 477 780 li.
500 717 588 798 Ergo
612 717 646 780 in
671 717 816 798 vestigia
835 717 999 801 sedesque
1018 717 1182 784 nobilium
1197 721 1306 788 immi-

205 826 302 902 grant
312 838 412 901 pares
427 817 572 898 domipi;
594 837 658 882 neo
668 818 739 900 jam
756 819 1015 882 clarissimorum
1027 819 1173 884 virorum
1188 835 1306 904 reicep·

207 921 321 994 taenia
342 919 537 986 habitatore.
554 939 652 984 servo
675 924 839 996 teruntur,
861 928 921 984 aut
941 921 1034 986 foeda
1056 923 1215 990 vastitate
1231 943 1306 1006 pro-

207 1021 391 1088 cumbunt!
431 1023 463 1086 4.
486 1022 596 1086 Datur
625 1022 746 1086 intueri
771 1022 1012 1105 pulcherrimas
1035 1023 1146 1102 aedes,
1169 1023 1305 1090 deterso
1384 1009 1386 1016 ’

207 1123 288 1199 situ,
313 1130 432 1188 auctas
456 1124 675 1205 navigantes.
718 1121 882 1206 Magnum
910 1123 974 1189 hoc
1001 1132 1107 1204 tuum,
1131 1143 1199 1190 non
1225 1145 1305 1209 erga

206 1225 356 1292 homines
369 1227 481 1304 modo,
492 1226 552 1290 sed
569 1245 646 1307 erga
661 1232 750 1290 tecta
760 1227 848 1308 ipsa,
857 1227 1028 1292 meritum:
1045 1229 1165 1292 sistere
1180 1229 1304 1306 ruinas,

204 1326 416 1393 solitudinem
441 1329 574 1411 pellere,
595 1328 743 1409 ingentia
767 1347 874 1411 opera
892 1328 1021 1407 eodem,
1036 1347 1107 1411 qno
1130 1334 1304 1394 exstructa

206 1435 295 1504 sunt,
320 1429 431 1492 animo
458 1430 502 1494 ab
526 1429 656 1494 interita
683 1429 865 1512 vindicare.
911 1430 1009 1494 Muta
1033 1430 1166 1512 quidem
1189 1429 1251 1494 illa
1271 1434 1304 1494 et

207 1530 315 1594 anima
337 1531 505 1610 carentia3
540 1533 664 1596 sentire
688 1539 798 1596 tamen
822 1539 855 1598 et
877 1532 990 1598 laetari·
1010 1530 1188 1608 videntur,‘¹
1211 1529 1302 1615 qnod

205 1631 344 1710 niteant,
359 1633 450 1714 quod
465 1633 722 1716 frequententur,
739 1633 832 1716 qood
853 1632 1033 1719 aliquando
1048 1634 1211 1716 coeperint
1224 1651 1303 1696 esso
1342 1657 1346 1671 =

206 1730 334 1797 domini
348 1734 512 1802 scientis·
554 1737 588 1800 5.
610 1735 849 1802 circumfertur
863 1738 930 1800 snb
944 1737 1077 1802 nomine
1093 1736 1238 1800 (laeearis
1252 1742 1301 1799 ta·

204 1832 286 1900 bula
300 1834 415 1918 ingens
429 1855 536 1901 rerum
553 1837 741 1918 venalium
765 1836 856 1920 quod
876 1839 922 1901 sit
943 1837 1138 1902 detestanda
1158 1836 1302 1908 avaritia

204 1933 308 2012 illius,
325 1938 404 2019 qui‘
418 1945 487 2002 tam
502 1939 609 2002 multa
624 1940 895 2032 consupiscenat,
908 1939 1131 2002 oumhaberet
1141 1956 1302 2022 superva-

206 2056 271 2100 cua
286 2047 354 2102 tam
378 2040 491 2104 multa.
535 2040 567 2103 6.
590 2036 696 2104 Tum‘
716 2029 867 2105 exitialis
893 2047 966 2104 erat
986 2039 1079 2123 apud
1100 2041 1300 2123 principem,

205 2139 284 2202 huic
297 2141 408 2205 laxior
423 2142 554 2219 domus,
577 2143 630 2207 illi
656 2143 821 2207 amoenior
839 2144 928 2208 villa.
974 2141 1075 2208 Nunc
1092 2142 1250 2225 princeps
1266 2142 1301 2205 in

204 2239 279 2312 haec
295 2239 415 2308 eadem
429 2243 582 2312 dominos
597 2247 728 2329 quaerit,
738 2248 813 2328 ipse
828 2245 967 2311 inducit.
990 2245 1092 2330 Ipsos
1099 2245 1181 2309 illos
1192 2245 1304 2326 magni

221 2463 225 2470 .
237 2421 252 2456 ἆ
268 2423 378 2474 Redeunt
387 2425 474 2475 nobiter
484 2426 582 2488 domiai,
592 2441 666 2490 neque
675 2427 777 2491 onrptior
787 2427 900 2478 notitiam
910 2427 1014 2476 oirornm
1024 2427 1105 2476 domas
1121 2441 1137 2476 o
1152 2425 1227 2474 saris
1236 2419 1302 2474 tart

205 2486 296 2548 tantur,
305 2495 347 2538 ont
356 2490 459 2552 turpiter
467 2493 567 2540 detorta
578 2496 699 2538 corruant.

209 2625 212 2634 Ι
237 2560 247 2586 ²
266 2552 300 2602 Ut
307 2557 454 2620 proponatur
464 2555 569 2603 omnibns
579 2555 711 2604 caenando
721 2552 858 2604 Domitiani
868 2553 981 2616 oonsilio,
992 2554 1041 2616 poi,
1052 2556 1093 2616 pc.

664 2674 846 2696 monnone
936 2679 940 2688 ⁸

203 2781 278 2842 roseit
290 2775 472 2840 imperium-o
487 2775 605 2839 Gnelplr.
617 2783 644 2824 et
658 2776 729 2826 Gnd.
739 2777 878 2838 immigrant
889 2790 958 2840 poros
968 2775 1056 2826 mtiles
1066 2775 1165 2824 domiai.
1176 2775 1242 2824 Cod.
1254 2774 1305 2824 Pa·

183 2855 185 2862 ·
204 2854 257 2894 nav.
270 2843 454 2892 tntitntoremo
464 2845 630 2890 κωπίω-4
648 2841 712 2892 Cod.
729 2843 841 2904 Gnelplr.
859 2843 955 2891 detruso
972 2842 1029 2891 ritu.
1046 2842 1120 2902 Mox,
1130 2854 1176 2904 pro
1187 2845 1306 2889 oactmw

204 2910 323 2970 vigentes,
335 2905 393 2956 cod.
406 2905 468 2955 Vat.
478 2909 510 2955 1:
518 2905 614 2954 snttso.
631 2914 658 2955 et
677 2907 743 2957 Exo.
754 2907 829 2954 Voss.
840 2907 938 2961 habant
948 2910 1045 2964 enectus
1060 2913 1082 2964 ot
1102 2909 1212 2966 ingentes
1218 2921 1228 2962 ,·
1240 2905 1307 2954 eod.

205 2974 299 3023 Patav.
311 2975 394 3020 nactos
403 2985 431 3018 oc
442 2970 558 3030 ingentes.
574 2971 657 3019 Panlo
670 2977 739 3033 post,
748 2971 788 3021 ed.
802 2971 917 3021 Patarol.
930 2971 1103 3020 steterentinas.
1121 2969 1232 3030 Deinde,
1242 2971 1304 3021 Vat.

205 3042 230 3086 ⁴.
242 3045 270 3085 et
281 3035 394 3096 Guelplr.
406 3050 450 3096 qno
460 3035 578 3082 instructo
589 3038 654 3084 sont.
673 3035 766 3092 Porro,
782 3037 808 3083 in
827 3035 879 3084 fine
890 3037 1023 3095 sectionis,
1037 3049 1084 3095 pro
1100 3035 1188 3082 domini
1204 3035 1302 3084 scientio

205 3101 266 3150 edd.
277 3106 343 3149 vett.
355 3099 449 3147 trabant
467 3100 553 3146 donam
566 3099 680 3155 scientim
698 3100 767 3162 Lips.
787 3099 857 3162 conj.
871 3099 961 3150 domiai
970 3098 1080 3157 fruentis
1088 3114 1098 3155 ,·
1116 3099 1233 3162 plurimae
1244 3098 1304 3146 edd.

204 3167 293 3216 domini
304 3179 350 3214 non
360 3163 494 3212 servientis.
511 3162 581 3211 Vide
602 3163 682 3211 Obse.
694 3163 889 3212 Schwarzii.-5
910 3161 1037 3220 Confertnr
1047 3165 1090 3210 aut
1101 3161 1194 3210 nomine
1205 3162 1266 3210 Vat.
1277 3165 1303 3210 t.

207 3231 312 3279 Carano
322 3229 405 3278 catelo
414 3227 500 3287 ingens
510 3225 603 3275 Patar.
614 3228 694 3275 tabula
704 3228 789 3289 ingens
799 3239 877 3275 reram
885 3228 1021 3284 venalium
1037 3242 1090 3288 qua
1101 3227 1170 3274 testis
1179 3231 1224 3284 est,
1233 3239 1304 3288 qaam

204 3295 400 3345 oitdetestoadoo
411 3291 555 3356 nondinae.
567 3291 734 3354 ooojeotabat
751 3292 868 3342 Behrtus.
889 3295 951 3354 qaod
962 3291 997 3355 fit
1008 3290 1220 3340 detestando'edd.
1233 3291 1304 3340 Box-

206 3361 278 3409 horn.
291 3357 379 3408 Klrch.
390 3362 418 3405 ot
427 3355 523 3405 Cotlnr.
538 3371 582 3420 qao
593 3356 634 3412 sit.
645 3359 688 3420 &a
697 3357 781 3405 Lirin.
792 3357 861 3420 Lips·
872 3356 984 3417 Ber-neg.
995 3355 1122 3418 Gravius,
1133 3357 1215 3406 Baua.
1226 3355 1305 3406 Pata·

206 3425 254 3473 rol.
266 3425 328 3473 Cer.
340 3430 366 3472 et
378 3423 458 3472 Gean.
477 3423 539 3483 qnod
548 3421 589 3479 rit.
599 3424 640 3482 &c-
649 3435 738 3470 omnes
750 3420 826 3470 codd.
838 3435 880 3486 ap.
891 3421 1021 3474 Schwarz.
1041 3422 1107 3472 Hreo
1120 3421 1206 3484 verba,
1220 3436 1304 3470 conm-

204 3489 318 3552 pieeebot,
336 3502 388 3536 cnm
404 3485 501 3535 tabent
519 3500 662 3548 supervacua
678 3492 728 3536 tom
740 3487 824 3547 malta,
844 3501 891 3550 per
908 3487 1001 3539 nattum
1014 3487 1107 3536 omissa
1126 3495 1186 3536 eunt
1207 3486 1232 3534 iu
1245 3486 1302 3536 eod.

207 3552 303 3602 Pater.
314 3559 341 3601 et
352 3553 377 3601 in
391 3551 454 3600 Exn.
466 3551 541 3600 Voss.
552 3553 655 3612 ponetis
671 3551 870 3600 subnotatae-6
880 3551 939 3600 lam
949 3555 1001 3600 erat
1012 3553 1110 3600 exitiale
1122 3552 1199 3600 codd.
1209 3551 1303 3600 salisb.

207 3626 234 3666 et
245 3617 359 3680 Gaeiplr.
379 3616 583 3666 Tameaenitiolis
597 3622 650 3666 erat
661 3616 738 3667 codd.
751 3617 826 3665 Vott.
839 3620 862 3664 1.
872 3621 896 3664 2.
908 3619 968 3665 3.·4.
985 3616 1070 3666 Paris.
1083 3617 1178 3665 Vener.
1191 3615 1308 3677 Gnetplr.

207 3682 409 3732 etSohwaezian.
427 3677 835 3732 taaamoeniorottaeod.1³atav.
852 3677 926 3738 Mox,
933 3680 1084 3729 advetlrinrn
1093 3681 1220 3744 aliquando
1229 3679 1304 3728 deest

634 3795 638 3798 ’
703 3824 812 3876 noris
891 3835 899 3844 ·

211 3953 213 3958 ·
237 3923 250 3958 Ι
269 3921 363 3972 Leton
373 3922 496 3986 videatur]
514 3922 585 3972 Nihil
595 3919 736 3987 nequeun-
777 3920 855 3971 curioe
869 3919 918 3986 tibi
926 3919 1020 3986 gratias
1032 3934 1109 3982 agere
1121 3917 1255 3983 gestiunt!

206 3999 736 4066 raetiamapndoratoreaqnamsensuro
808 3997 938 4048 evomat
960 3999 1057 4048 scientis
1085 3997 1144 4061 [non
1170 3995 1306 4064 servientis]

207 4078 284 4128 rebus
296 4074 413 4126 inanimis
423 4075 547 4124 tribuere.
580 4075 680 4125 Tullios
688 4087 736 4137 pro
776 4076 830 4125 Alii
841 4076 940 4138 legunt,
956 4076 1045 4124 domiai
1055 4075 1160 4124 scientia.

207 4155 335 4204 Marcello
356 4168 380 4202 r.
402 4155 441 4202 ln.
468 4151 617 4214 ‘Parietes‚
635 4147 736 4201 modius
809 4150 818 4185 ¹
842 4149 901 4201 llrm
922 4149 1024 4215 [tamea]
1042 4153 1112 4218 Lege
1124 4147 1183 4219 tani,
1195 4160 1224 4203 ut
1236 4152 1304 4204 Livi·

207 4229 294 4288 lidius.
305 4231 403 4287 Caesar.
419 4233 450 4279 ut
467 4227 529 4277 rnihi
540 4225 651 4284 videtur,
661 4225 736 4292 thus
775 4227 849 4280 noina
860 4227 1015 4293 suspicatur.
