3088 4848
243 373 308 438 dot
600 385 633 433 c.
657 383 780 434 rururr
806 375 989 436 sscuuor‘

242 531 338 598 rninit
358 531 421 594 suh
440 529 529 594 malo
553 529 703 612 principe
725 527 822 592 aliter
845 527 983 592 vixisse.
1029 515 1235 610 Nuncupare
1250 515 1339 608 vote,

242 641 279 698 et
293 650 354 716 pro
370 633 558 698 aeternitate
572 630 730 712 imperii,e
750 639 785 694 ct
807 649 867 713 pro
891 631 998 693 salute
1019 629 1214 714 principum,-
1238 633 1339 696 immo

241 754 304 819 pro
323 727 428 797 salute
449 732 650 815 principum,
666 750 718 807 ac,
735 737 869 815 propter
883 732 972 808 illos,
987 750 1048 814 pro
1073 733 1259 796 aeternitate
1279 733 1340 796 iur-¹

241 833 338 918 perii,
353 833 556 906 solebamus.
600 833 632 896 d.
655 833 744 898 Haec
762 853 824 914 pro
840 833 978 916 imperio
992 839 1118 908 nostro,
1135 833 1167 895 in
1183 852 1261 915 quae
1276 833 1341 898 sint

242 938 346 1001 verba
361 935 546 1017 suscepta,‘
560 953 674 1016 operae
694 935 839 1016 pretium
862 940 916 997 cst
938 939 1120 997 annotaret
1144 933 1208 996 ‘Si
1230 930 1341 998 bened

242 1036 498 1119 rempublicam,
523 1041 624 1100 etex
647 1036 789 1099 utilitate
810 1035 968 1110 omnium,
983 1033 1130 1098 rexeris?
1172 1035 1205 1098 5.
1228 1034 1340 1115 Digna

241 1143 332 1213 vota,
345 1157 422 1219 quea
439 1155 571 1218 semper
585 1136 820 1218 suscipiantur,
838 1154 1033 1218 semperque
1048 1135 1232 1198 solvantur.
1263 1133 1340 1216 ugit

243 1251 320 1302 cum
337 1237 424 1314 Diis,
439 1238 516 1320 ipso
532 1244 567 1302 te
583 1245 732 1312 auctore,
749 1235 877 1312 Caesar,
902 1237 1100 1320 respublica,
1118 1242 1156 1300 ut
1177 1242 1209 1300 te
1230 1236 1339 1318 sospi-

242 1347 309 1404 tem
325 1339 590 1422 incolumemque
607 1344 815 1420 praestarent,
840 1339 925 1400 situ
950 1342 1082 1400 ceteros
1104 1327 1339 1420 praestitisses:

241 1441 272 1504 si
288 1446 416 1516 contre,
433 1439 480 1503 illi
496 1458 632 1523 quoque
653 1459 674 1502 a
696 1437 848 1502 custodia
873 1439 920 1501 tui
943 1436 1073 1521 ceptior
1093 1437 1212 1503 oculos
1233 1437 1340 1503 dimo-

275 1603 288 1638 θ
307 1605 399 1661 Quium
411 1603 487 1656 ruiis
497 1609 605 1670 conceptu
615 1610 681 1656 runt.

242 1831 250 1858 ‘
267 1831 317 1880 Per
333 1831 409 1880 sulum
419 1831 515 1887 ciuium,
530 1832 584 1896 ipe]
601 1831 646 1882 Ait
659 1833 751 1898 aliquis
764 1834 879 1897 ineptern
889 1833 956 1882 hauc
967 1831 1105 1882 lectionem
1116 1845 1181 1890 erre,
1192 1836 1219 1884 et
1230 1830 1341 1884 tidenter

241 1895 436 1944 rescribendum
452 1897 593 1960 principum.
628 1897 736 1946 Atmllri
754 1897 926 1960 conprobat!
942 1897 1011 1960 Lipe.
1045 1897 1148 1946 ‘Nobis
1160 1896 1220 1945 nilril
1233 1896 1341 1946 subsidii

219 2013 222 2020 ,
242 1961 274 2008 ed
292 1961 358 2008 hene
368 1960 550 2010 dissensionem
563 1960 730 2010 decidendam
750 1961 862 2012 afferunt
874 1963 977 2010 codices
990 1961 1053 2010 Mes.
1066 1963 1124 2022 quia
1135 1959 1204 2010 forte
1216 1961 1342 2011 vocabule

207 2059 214 2071 r
239 2025 374 2088 principum
385 2031 411 2072 et
423 2025 516 2086 imperii
529 2040 585 2089 queo
597 2027 623 2074 iu
637 2040 686 2074 uuo
698 2028 832 2075 verborum
846 2026 941 2074 ambitu
955 2026 994 2074 bis
1006 2033 1156 2086 occurrunt,
1168 2025 1340 2075 oscitantibus

241 2088 353 2136 librariis
366 2089 527 2136 occasionem
545 2089 650 2145 dedere,
667 2097 695 2137 ut
715 2091 772 2140 herc
790 2091 868 2138 verbu
888 2105 937 2138 non
958 2089 1006 2137 nisi
1023 2103 1111 2138 mance
1130 2089 1275 2139 retulerint.
1308 2089 1341 2137 Iu

241 2149 345 2200 'Veneto
356 2159 382 2199 et
396 2151 629 2215 Guelplrerbytanc
642 2154 730 2201 codice
742 2155 777 2202 rie
791 2155 906 2216 legimus,
924 2154 1067 2216 Nuneupure
1077 2157 1141 2214 cela,
1153 2159 1177 2202 et
1192 2168 1235 2216 pro
1246 2154 1343 2202 eterm-

241 2220 293 2262 tute
302 2213 405 2276 imperii,
415 2220 439 2263 et
451 2230 493 2276 pro
503 2217 580 2264 solute
589 2216 731 2278 principum,
742 2234 779 2275 ae,
790 2223 884 2280 prepter
895 2218 957 2272 ilict,
971 2231 1015 2278 pro
1024 2217 1159 2266 eternitate
1171 2217 1273 2279 imperii,
1283 2218 1341 2266 sole·

241 2278 331 2326 dumus.
365 2277 396 2325 In
413 2277 504 2326 codice
522 2279 575 2326 Me.
593 2280 745 2342 Peririeuei,
763 2282 907 2343 Nuneupure
924 2285 978 2328 eolo
998 2295 1041 2343 pro
1056 2281 1132 2330 rulute
1146 2282 1288 2344 principum,
1304 2296 1341 2338 uc,

238 2348 337 2406 prepter
346 2340 406 2402 ilior,
423 2357 465 2404 pru
476 2345 611 2392 eternitate
622 2344 724 2406 imperii,
735 2345 870 2393 eckiumur.
905 2344 936 2392 In
950 2352 1040 2392 nostro
1052 2345 1144 2394 codiee
1156 2360 1186 2394 ee
1198 2347 1276 2394 etiarn
1290 2357 1342 2394 ura·

241 2408 280 2468 gir
292 2412 414 2468 corrupte
425 2413 524 2455 extant.
559 2407 617 2456 Nun
631 2415 715 2457 temen
728 2423 832 2470 prorsus
845 2410 876 2456 de
889 2408 967 2456 nihilo
980 2408 1083 2457 ridetur
1094 2408 1286 2458 ersa'mcnitum
1298 2408 1341 2458 Li-

241 2471 329 2531 vineii,
348 2471 507 2520 auctoritate
527 2473 623 2520 vetusti
644 2473 741 2520 codicis
760 2475 810 2524 lllr.
827 2474 924 2521 nixum.
957 2473 1056 2521 Plinius
1069 2475 1136 2521 euim
1149 2474 1184 2522 eit
1196 2473 1342 2531 mlebumur,·

240 2536 313 2598 qrruti
326 2534 358 2583 de
371 2535 484 2584 moribus
502 2536 540 2584 sui
561 2537 609 2586 aevi
631 2537 700 2601 loqui
719 2537 830 2586 rolrrirse
850 2537 977 2592 ridentur,
993 2537 1037 2584 ulri
1050 2553 1099 2586 non
1112 2544 1165 2586 tam
1178 2552 1225 2600 pro
1237 2537 1340 2598 civium,

241 2613 316 2664 quem
329 2601 488 2664 principum,
504 2603 588 2648 salute
602 2609 663 2650 rote
679 2603 821 2664 nuncupari
835 2605 1034 2650 consueverunt.
1069 2601 1120 2650 Sed
1133 2616 1182 2650 nec
1194 2600 1341 2665 spernenda

240 2673 278 2712 est
292 2663 371 2726 Liprii
383 2664 575 2726 interpretatio,
586 2680 636 2727 qua
648 2669 669 2714 is
682 2667 773 2730 innuit,
786 2667 899 2717 Plinium
912 2667 951 2713 his
964 2665 1058 2726 verbis,
1069 2671 1097 2714 et
1113 2666 1266 2728 reipublicae
1278 2664 1341 2714 libe·

239 2741 286 2786 rae,
299 2735 326 2776 et
343 2729 538 2790 imperatorum,
551 2738 671 2790 ternpore
683 2732 755 2779 simul
773 2733 913 2794 respicere,
927 2729 1043 2793 utrinque
1056 2742 1117 2778 vero
1136 2730 1162 2777 in
1176 2729 1342 2794 sequentibus

238 2792 384 2842 institutum
397 2796 513 2841 votorum
524 2808 581 2841 cero
598 2795 702 2855 Trajaui
719 2796 823 2856 publice
842 2792 1072 2853 nuncupandorum
1089 2792 1223 2856 praeferre.
1259 2793 1341 2843 Nobis

238 2856 351 2905 nondum
374 2857 437 2904 setis
458 2858 620 2916 exploratum
643 2865 694 2919 est,
713 2859 774 2921 qnid
792 2858 833 2904 iric
855 2857 1016 2918 definiemus,
1036 2871 1077 2919 ae,
1093 2857 1142 2906 nisi
1163 2864 1202 2906 tot
1219 2856 1277 2906 libri
1294 2856 1341 2906 inr-

239 2921 321 2982 premi
340 2917 542 2981 refragarentur,
567 2919 744 2982 (refragentur
765 2927 851 2969 autern
874 2935 962 2968 omues
984 2924 1096 2984 omuino,
1120 2928 1212 2984 utpote
1236 2922 1262 2969 in
1285 2921 1341 2986 qut:

238 2983 287 3032 bur
304 2997 409 3046 prorsus
428 2981 519 3031 eedem
536 2984 616 3032 lectio
631 2985 753 3048 errrlgata
765 2983 829 3047 eet,)
840 2985 1055 3044 amplecteremur
1066 2987 1162 3035 Veneti
1182 2994 1209 3035 et
1227 2983 1342 3048 Guelplr.

239 3046 359 3097 codicum
378 3047 542 3110 rerlpturem,
562 3048 603 3096 vel
624 3049 702 3098 etiem
722 3050 794 3098 nubis
816 3047 948 3097 sufficeret
970 3048 1074 3098 lrrericr
1091 3050 1134 3098 ilia
1156 3049 1244 3110 lectio,
1265 3065 1341 3113 quarn

237 3111 660 3165 eced.1³nruteusttnmeuium
683 3113 853 3176 protulimuu.¹
879 3113 1000 3162 Sclwurz.
1045 3113 1132 3162 ‘Mihi
1152 3115 1258 3176 vulgate
1278 3115 1340 3162 rutis

238 3191 369 3239 superque
388 3177 484 3240 placet,
502 3192 578 3240 quam
600 3185 628 3227 et
649 3178 766 3228 restituit
786 3177 935 3228 Gesnerus!
955 3179 1041 3227 Amin.
1085 3177 1154 3227 Vide
1171 3179 1246 3228 tht.
1265 3178 1340 3227 Varr.

238 3245 287 3290 -d
305 3241 368 3289 Huc
391 3256 434 3304 pru
460 3243 601 3304 imperatore
628 3249 708 3292 nostre
736 3243 825 3305 legere
855 3243 953 3290 mavult
982 3242 1122 3304 Gesnerus,
1145 3248 1173 3291 et
1194 3243 1232 3291 sic
1261 3243 1339 3292 etiam

239 3305 309 3366 conj.
321 3305 479 3354 Perizonius.
514 3307 597 3355 Panlo
615 3316 684 3368 port,
704 3321 792 3356 omues
813 3306 890 3356 codd.
911 3321 953 3368 ep.
972 3306 1100 3355 Sclrrrnrc.
1120 3306 1227 3355 verbum
1248 3308 1341 3354 rexeris

239 3371 380 3430 omittatur
396 3370 464 3432 quod
478 3377 562 3418 tamen
576 3369 692 3420 referunt
703 3386 792 3421 omnes
805 3371 913 3419 edd—5
932 3369 998 3418 Cod.
1010 3369 1094 3419 Parit.
1110 3376 1137 3418 rtt
1149 3374 1173 3419 te
1183 3370 1220 3418 itu
1230 3370 1340 3432 respirem

237 3433 416 3494 incolumemque
425 3437 577 3495 prestarent,
590 3451 617 3483 nc
628 3441 654 3484 tu
665 3441 762 3493 celerer,
773 3439 813 3498 ipe.
838 3435 913 3497 Mox,
924 3435 1011 3495 vulgg.
1029 3451 1043 3483 u
1055 3433 1161 3484 eustadio
1173 3435 1210 3483 tui
1221 3433 1339 3498 coeperim

239 3496 317 3546 codd.
338 3509 400 3546 vero
418 3497 489 3546 Vatt.
509 3498 594 3549 Paris.
613 3499 720 3549 Veneti.
734 3505 756 3549 l.
767 3505 791 3550 2.
809 3498 903 3548 Salisb.
914 3498 1027 3562 Guelplr.
1044 3497 1214 3548 Selrwarniau.
1232 3504 1260 3548 et
1274 3499 1339 3547 Exc.

271 3719 282 3746 ὓ
299 3709 350 3759 Prc
360 3707 496 3759 eternitate
504 3707 608 3773 imperii]
627 3711 767 3774 Nuncopa-
809 3716 837 3758 nt
850 3708 974 3773 Apuleius
987 3708 1023 3757 ait
1036 3708 1061 3756 iu
1080 3707 1192 3772 Apolcg.
1205 3707 1341 3772 obsignata

223 3781 333 3856 xlieritur
355 3793 415 3834 vota
437 3785 481 3834 illa
503 3787 544 3834 vel
568 3787 626 3836 Kal.
650 3788 709 3838 Jan.
726 3786 768 3834 vel
808 3787 926 3836 Deorum
940 3785 1032 3834 statuis
1048 3782 1228 3846 affigebantur.
1262 3783 1339 3832 Uude

238 3862 375 3926 pottridie,
390 3868 435 3911 eut
453 3873 500 3911 rtr.
519 3864 587 3912 Nou.
607 3863 667 3914 dan.
693 3861 767 3914 Quod
810 3868 869 3910 vota
881 3861 981 3924 signata
992 3859 1108 3923 appellat
1123 3858 1223 3908 Plinius
1234 3858 1267 3907 ed
1278 3859 1340 3906 Tre·

238 3938 302 3989 Julii
325 3939 436 3986 Carceris
465 3939 620 4000 temporibus
644 3946 768 4000 coepturn,
806 3937 895 4000 janum
907 3941 986 3986 x.dd.

238 4011 336 4062 factum
351 4027 452 4078 quoque
469 4014 494 4062 iu
512 4012 622 4073 Augusti
638 4015 769 4076 honorem,
840 4014 853 4048 ἃ
870 4013 900 4063 Si
910 4014 978 4078 berre]
988 4012 1114 4076 Trajenur
1123 4011 1339 4062 clausulemlrune

239 4103 269 4138 ec
282 4103 328 4151 pro
340 4089 474 4154 Pompeio.
508 4088 595 4152 Atque
606 4090 662 4137 lreee
674 4097 732 4136 vctu
741 4089 768 4138 in
809 4097 925 4137 votorum
938 4103 1025 4136 eorum
1040 4101 1097 4136 erse
1114 4087 1204 4143 voluit,
1222 4101 1278 4151 quae
1291 4101 1339 4150 pre

239 4164 378 4225 Capitolio,
387 4175 431 4215 aut
444 4168 468 4214 in
481 4167 573 4215 cestris
590 4164 660 4214 faeta
673 4165 767 4214 tubulis
808 4165 963 4228 imperatore
977 4165 1087 4227 pupulus
1101 4172 1272 4226 nuncuparet.

238 4238 437 4307 mandabantur,
447 4249 490 4292 eut
500 4243 650 4307 plerumque
658 4239 766 4309 femore,
839 4241 889 4291 ‘A
912 4242 1018 4290 custodie
1042 4240 1080 4289 tiri
1100 4240 1185 4302 cupitir
1207 4237 1338 4306 [corporis]
1401 4225 1406 4234 '
