3050 4842
237 327 304 398 8oe
564 345 783 396 rcnwnunn
809 345 1014 398 nxcnnsns

238 485 567 552 improbissimornn,runr
582 488 726 540 vocsbnw
750 488 930 556 Videnqnern
940 491 1019 542 venire
1030 490 1137 542 frendes
1149 491 1231 544 etie-
1245 499 1336 558 proteo

238 570 287 621 tub
303 568 406 631 injustis
421 569 625 632 imperatoribus
640 570 805 622 intercedere
817 571 962 634 potuerint,
979 579 1010 622 ut
1027 571 1105 624 finos
1120 574 1265 629 Cersrens.
1278 588 1337 624 cnur

238 649 321 702 rideri
333 650 411 700 redet
421 663 519 710 enuere,
531 664 559 700 re
572 663 631 700 rere
643 665 695 701 non
711 652 812 715 eruerit,
823 650 869 702 red
885 651 1004 717 reprerit
1021 652 1124 704 verius!
1141 653 1191 704 His
1202 652 1338 706 frondibus

235 731 365 789 mnibus,
375 745 434 795 qne
442 729 597 792 injustorum
607 730 753 794 principuus
766 730 928 794 temporibus
939 733 1114 794 instituerent,
1121 747 1174 782 non
1183 733 1338 784 obstinebet

237 809 316 864 nrodo
335 810 393 874 ipse
407 809 544 873 Trejenur,
560 809 606 860 red
627 810 709 861 etiem
727 811 760 860 iis
778 811 881 861 obvient
900 811 965 868 ibet,
976 826 1009 862 ne
1023 827 1040 861 e
1057 813 1269 876 procuratoribus
1284 814 1339 864 eois

238 889 449 942 admitterentur.
484 891 574 940 Fiscus
585 897 648 940 tnnc
659 890 786 940 uenineru
799 892 999 954 prouincieiinnr
1009 891 1122 954 cogeber
1134 891 1167 942 ed
1180 890 1341 944 frumentum

236 971 328 1022 inseun
349 972 433 1034 pretio
454 971 602 1034 emendum,
625 985 676 1036 quo
692 970 859 1022 ubundobent
880 971 1019 1034 eiiqorndo
1035 973 1128 1022 borres
1151 972 1272 1036 publicn;
1289 974 1337 1022 red

236 1051 339 1102 einebet
351 1067 449 1116 eruere,
467 1052 591 1118 quicquid
604 1051 698 1117 cuique
710 1066 725 1102 e
738 1066 767 1102 re
783 1067 830 1102 rus
846 1051 997 1103 ridebetnr.
1031 1051 1143 1102 Constet
1160 1052 1241 1115 igitur
1256 1052 1337 1104 etioru

237 1133 351 1196 suiqstoe
362 1133 470 1184 lectioni
482 1147 567 1198 eoque,
586 1146 618 1183 ec
635 1133 773 1190 Gudisnro.
785 1147 832 1183 sne
850 1132 928 1184 ratio.
961 1132 1028 1182 Utro
1041 1147 1102 1182 vero
1123 1132 1158 1182 eit
1178 1131 1337 1196 adoptando,

235 1213 344 1266 eliorum
356 1214 480 1276 permitto
485 1213 596 1278 jndicio.
631 1214 750 1277 Utroque
762 1213 800 1264 rei
811 1213 862 1279 ipsi
872 1227 1019 1277 congruens
1030 1212 1112 1264 incunt
1125 1211 1223 1264 bebere
1233 1223 1339 1276 potest3

236 1293 343 1344 sednon
356 1302 467 1358 utreque
481 1293 539 1357 peri
550 1293 675 1344 librorum
687 1291 813 1357 soffrrgio
822 1292 932 1353 uititnr3
948 1306 1094 1357 qneuqnent
1106 1292 1247 1358 oiiqneudo
1258 1294 1338 1344 etiem

236 1372 263 1422 iu
275 1373 351 1423 unico
369 1374 460 1424 codice
472 1375 614 1437 superstite
629 1373 714 1424 edbue
731 1375 814 1424 intere
832 1380 913 1438 quest
931 1373 1043 1435 gonnor
1061 1373 1148 1425 tectio·
1182 1373 1293 1426 Interim
1311 1375 1338 1425 iu

236 1454 397 1506 rorarunt
409 1455 542 1520 unipotens
554 1454 693 1506 lectionem
707 1455 833 1506 tneudnn
844 1453 960 1518 rnrcepi.

609 1715 798 1768 EXCURSUS
827 1715 961 1767 XXXIV.

268 1881 338 1932 Cer.
350 1886 454 1932 xxm.
489 1881 573 1945 Neque
580 1880 815 1941 euimroinmnogns
831 1879 873 1928 iiie
890 1878 1032 1942 expenditur
1049 1879 1127 1928 omnir
1144 1877 1211 1928 iutro
1225 1883 1339 1943 eremoto

234 1977 325 2026 temper
339 1963 432 2013 omen
448 1963 592 2013 substiteret
608 1967 680 2026 utque
699 1961 816 2019 inseret:
832 1961 873 2009 red
888 1960 972 2023 rupino
982 1959 1057 2009 etium
1066 1975 1094 2009 uc
1105 1959 1223 2009 detinenti
1232 1961 1280 2008 solu
1290 1975 1338 2008 nou

231 2043 326 2105 pineido
336 2057 362 2091 se
372 2043 481 2106 mitique
491 2043 558 2106 iopen
572 2043 683 2106 refugum
694 2042 824 2092 obstulerot
832 2058 843 2100 ,-
859 2055 902 2089 uec
912 2042 968 2089 deur
978 2040 1039 2089 sotio
1050 2041 1172 2090 irruenter
1182 2045 1260 2090 terrun
1269 2040 1338 2118 eddi·

233 2123 303 2169 derut
313 2121 442 2170 ormtider.
476 2122 604 2187 Loquitur
613 2121 715 2170 Plinius
728 2119 761 2170 de
773 2121 846 2182 Nilo,
857 2118 936 2168 florio
945 2117 1061 2183 dipypti,
1071 2119 1125 2182 qui,
1137 2133 1195 2168 curn
1206 2119 1270 2168 niies
1281 2133 1338 2168 osse

232 2201 400 2264 expanderit,
408 2207 436 2251 et
446 2203 523 2266 longe
534 2204 639 2265 isteque
651 2209 758 2264 regotur
769 2201 815 2265 sit,
828 2207 890 2250 tuuc
901 2200 1008 2265 inopina
1019 2199 1138 2249 siccitate
1149 2201 1186 2249 sic
1196 2201 1339 2262 exeruerit,

233 2287 264 2331 nt
275 2295 324 2330 oon
335 2281 416 2330 solnm
429 2281 498 2330 iuter
509 2281 600 2330 soiitos
611 2281 715 2330 coliium
729 2281 896 2344 riporumque
913 2280 968 2328 viss
985 2279 1012 2328 in
1030 2279 1105 2329 niueo
1120 2293 1167 2328 sno
1183 2280 1339 2342 subniterit,

233 2361 279 2410 ted
294 2361 373 2410 eriour
393 2373 426 2409 ex
441 2361 548 2424 jecente
568 2366 595 2409 et
606 2360 731 2424 depresso
742 2360 805 2417 solo,
817 2361 861 2410 nbi
874 2360 988 2424 alioquin
1000 2374 1066 2424 equs
1078 2359 1176 2408 diutins
1196 2360 1339 2424 detinetur,

231 2439 306 2506 quusi
319 2441 405 2492 subito
416 2443 556 2491 retraxerit
567 2455 660 2506 equum
672 2455 755 2502 otram,
765 2439 883 2504 adeoque
893 2440 986 2490 ceteris
999 2439 1134 2489 arentibus
1145 2439 1250 2504 AEgypti
1262 2441 1338 2490 terrio

231 2523 296 2572 eiius
309 2527 415 2571 orentes
426 2521 567 2584 addiderit,
576 2536 640 2587 qnos
658 2520 762 2586 quidem
778 2535 828 2570 uec
839 2522 895 2585 ipre
909 2521 1021 2570 antebac
1033 2519 1203 2570 inundatione
1216 2533 1262 2569 suo
1273 2522 1338 2570 sutis

230 2601 342 2666 irripere
353 2609 382 2650 et
394 2602 466 2666 quusi
477 2601 629 2652 humectare
640 2601 763 2665 potnerit.
796 2601 848 2649 Vix
866 2601 972 2650 dubium
988 2607 1036 2663 ert,
1048 2601 1110 2664 quin
1122 2601 1178 2650 brec
1189 2600 1225 2649 sit
1234 2608 1339 2650 senten·

230 2681 268 2731 tie
285 2683 394 2731 istorum
405 2680 550 2729 verborum.
584 2678 622 2729 At
633 2681 692 2744 quir
703 2681 789 2728 inimo
801 2686 828 2728 et
842 2679 1041 2744 suribnsaeqnir
1060 2680 1086 2728 lu
1104 2679 1193 2729 Plinio
1203 2677 1273 2730 feret
1285 2688 1338 2730 toni

231 2761 325 2811 durum
338 2773 495 2824 prorsusque
505 2761 619 2809 insolens
635 2773 741 2821 nomeu,
750 2757 913 2822 reponditor?
934 2759 963 2811 si
974 2760 996 2808 is
1009 2759 1113 2810 omuino
1124 2760 1232 2810 verboru
1243 2775 1337 2812 novum

230 2841 331 2905 fingere
349 2841 487 2901 voluisset,
506 2840 598 2889 enitens
619 2840 744 2901 enelogiae
768 2840 863 2903 liugnoe
885 2839 1081 2890 convenientius
1103 2840 1222 2890 dicturus
1244 2839 1339 2891 fnisset

230 2935 355 2983 expositor.
389 2919 460 2969 Nihil
476 2920 534 2981 opio
552 2918 634 2968 edituo
650 2920 708 2968 loco
723 2919 782 2969 huic
795 2919 925 2969 laboranti
939 2921 1023 2968 tulere
1038 2919 1101 2969 iibri
1118 2919 1245 2984 impressi·
1278 2922 1337 2974 darn

229 3002 256 3050 in
269 3001 388 3051 Catenaei
400 2999 590 3051 commentariis
601 2999 745 3063 exponditor
762 3000 882 3049 redditor
893 3009 922 3050 et
933 2999 1080 3065 explicatur
1094 3015 1143 3064 per
1155 3015 1256 3058 nornen,
1274 3004 1338 3052 ‘ex-

230 3079 364 3144 putietor,’
380 3079 512 3130 'effnron’
544 3079 621 3129 Unde
638 3079 749 3129 tortasse
769 3079 898 3143 quondorn
910 3079 1061 3143 virdungnr
1073 3088 1172 3143 noster,
1191 3089 1261 3131 teste
1279 3083 1338 3132 nn·

229 3161 368 3224 tersbnrio,
385 3159 533 3224 exsputiotor
548 3159 590 3208 bic
607 3158 746 3222 legendum
765 3168 900 3220 suaserotq
915 3173 960 3208 ren
978 3161 1066 3222 potius
1084 3160 1189 3222 exinde,
1200 3162 1338 3225 quieOri·

230 3239 289 3290 dius
311 3241 459 3296 describens
482 3239 648 3299 inlusionem,
670 3239 736 3287 Met.
756 3251 779 3288 t.
801 3241 859 3288 28⁵.
886 3239 966 3296 canit,
992 3239 1159 3303 ‘Expetintn
1187 3249 1268 3290 rnnnt
1290 3256 1339 3306 per

231 3327 336 3386 apertos
347 3319 454 3369 iinmius
471 3318 595 3383 campos!
628 3318 769 3382 Livineius,
781 3319 876 3368 ebusus
893 3319 1011 3382 uestigiis
1024 3334 1092 3370 rerae
1108 3321 1229 3370 lectionis
1247 3323 1338 3386 esqui-

229 3399 329 3460 rendoe,
341 3413 397 3463 qrrro
412 3400 461 3462 ipsi
478 3399 607 3449 indiceret
617 3398 699 3449 codex
717 3400 853 3463 vetustior,
864 3399 946 3450 invite
956 3400 1088 3464 Minerva,
1099 3400 1221 3464 procudit
1228 3403 1337 3464 mor.

229 3481 352 3544 Bebrins,
372 3480 488 3545 quemvis
506 3481 670 3531 commendet
688 3479 840 3530 vccabulum
856 3482 984 3545 sputiotor,
1008 3497 1037 3531 re
1056 3495 1120 3534 vers
1137 3490 1226 3532 tamen
1247 3485 1338 3534 muirrit

229 3561 356 3626 scriptum
372 3574 430 3609 esec
441 3561 578 3621 oonsilio
588 3575 700 3622 agrorum
711 3563 827 3611 lustrator
837 3562 922 3612 omnis.
955 3560 1009 3611 Sed
1021 3563 1046 3611 in
1054 3563 1205 3627 hujusmodi
1216 3564 1337 3614 eruendo·

229 3642 343 3692 tionibus
354 3655 425 3706 saepe
442 3642 525 3691 intutu
536 3642 592 3690 into
610 3647 747 3705 purgetur,
763 3641 818 3690 sire
836 3641 862 3689 in
882 3641 967 3690 iocum
977 3642 1049 3692 vocis
1060 3641 1193 3691 insolentis
1206 3643 1259 3692 ulie
1269 3643 1336 3692 inro-

225 3726 284 3775 ieus
296 3729 456 3787 surrogetur.
489 3721 594 3773 Deinde
606 3723 648 3771 vix
660 3723 739 3771 nilum
751 3722 778 3771 in
794 3723 832 3771 hir
850 3735 942 3771 uorneu
954 3729 1004 3781 ert,
1022 3722 1089 3790 quod
1109 3723 1248 3772 sententiae
1259 3722 1336 3788 bnjur

222 3805 279 3854 doci
303 3805 368 3853 sctis
388 3805 423 3854 sit
440 3803 672 3854 scoomuodnum.
702 3803 840 3854 cocenim
858 3803 960 3853 Plinius
977 3802 1019 3853 bic
1038 3803 1137 3867 Nilum,
1154 3803 1211 3852 siue
1229 3805 1335 3854 restric-

228 3885 310 3948 tione,
339 3884 435 3935 dinerit
457 3883 664 3948 ‘spatiatorem,’
681 3883 926 3948 ‘exspntictoren’
945 3879 1125 3949 ‘pnlntorcm,'
1150 3876 1336 3934 ‘initiatorem

222 3964 374 4028 -ogrorrrrn;’
393 3965 436 4014 ubi
455 3966 542 4029 potins
563 3966 610 4015 boc
626 3967 889 4029 lococommemornt,
906 3978 982 4030 quem
999 3963 1044 4014 ilie
1061 3970 1216 4015 cunctanter
1232 3978 1289 4014 sese
1305 3977 1335 4014 ee

224 4046 349 4109 'languide
367 4053 430 4095 tune
441 4046 566 4097 extulerit
579 4047 662 4108 niveo,
674 4054 701 4095 et
714 4060 790 4111 qnam
803 4050 952 4096 contractus
964 4043 1092 4112 exilisque
1104 4046 1173 4095 inter
1184 4045 1265 4094 colles
1275 4045 1338 4095 soii*

228 4130 280 4187 tos,
296 4124 339 4188 qui
356 4125 487 4190 utrimque
507 4126 577 4190 ripas
595 4124 720 4181 ambiunt,
737 4124 895 4175 substiterit.
929 4123 1046 4175 Candide
1064 4132 1166 4188 ergoet
1179 4124 1258 4175 dubie
1272 4123 1333 4188 Lip·

218 4202 291 4258 einr,
308 4203 402 4262 ‘Vim,'
425 4204 518 4270 inquit,
542 4205 633 4256 ‘verbi
648 4205 791 4269 erpuuditor
808 4205 893 4270 cepio,
914 4205 998 4270 iponm
1016 4203 1059 4256 rix
1081 4205 1208 4257 admitto:
1237 4217 1333 4254 novom
