3088 4848
227 349 295 414 300
598 361 631 407 c.
654 360 776 410 enturr
800 362 965 412 sncuum

227 511 260 572 te
275 505 405 588 legibus
422 501 617 587 subjecisti3
639 503 782 586 legibus,
803 503 929 582 Caesar,
946 525 1031 588 quas
1055 525 1155 572 nemo
1182 512 1324 596 principi

206 611 210 620 “
227 606 369 690 scripsit.
414 605 483 670 Sed
505 613 541 670 tu
557 605 640 668 nihil
657 607 802 688 amplius
818 609 870 670 vis
886 607 947 670 tilri
964 608 1074 686 licere,
1090 631 1191 693 quam
1210 616 1323 678 nobis:

227 709 277 772 sic
293 707 342 785 fit,
357 712 395 770 ut
409 725 470 770 nos
482 707 542 770 tibi
554 706 631 788 plus
644 701 809 772 velimus)
839 708 871 772 2.
891 705 978 774 Quid
991 728 1063 794 ergo
1079 730 1167 776 nunc
1183 715 1326 796 primum

228 809 339 885 audio,
353 826 442 871 nunc
459 808 601 890 primurn
616 808 739 872 discol
772 828 839 873 non
861 819 914 874 est
936 811 1092 895 princeps
1103 831 1208 896 'snpra
1224 816 1326 897 leges,

227 910 287 974 sed
302 910 395 992 leges
420 928 521 992 snpra
545 910 748 992 prinoipem3
771 911 918 996 idemque
933 911 1058 977 Caesari
1074 915 1217 992 consuli,
1234 918 1325 998 quod

227 1012 361 1088 ceteris,
391 1029 455 1074 non
485 1011 574 1074 licet.
618 1010 719 1074 Jurat
748 1012 780 1076 in
810 1013 928 1094 legam,
951 1013 1199 1078 attendentibus
1225 1017 1326 1099 Diis;

227 1133 305 1178 nam
323 1113 377 1178 cui
392 1112 509 1194 magis,
526 1132 628 1195 qnam
644 1112 784 1190 Caesari,
799 1115 997 1180 attendenti
1020 1116 1043 1180 J
1046 1123 1131 1193 urat,
1147 1118 1325 1182 observan-

135 1201 138 1206 ’
227 1215 319 1279 tibus
335 1213 396 1289 his,
411 1213 535 1296 quibus
551 1213 640 1276 idem
661 1213 840 1296 jurandum
856 1222 926 1278 est:
949 1235 1017 1278 non
1040 1217 1174 1297 ignarus
1188 1219 1326 1301 alioqui,

226 1315 348 1379 nemini
374 1315 576 1396 religiosiusr,
607 1314 697 1398 quod
722 1315 896 1398 juraverit,
925 1315 1193 1396 custodiendum,
1223 1338 1325 1401 quam

227 1414 326 1498 cnjus
350 1415 498 1478 maxime
515 1416 659 1490 interest,
682 1434 747 1477 non
771 1414 930 1498 pejerare.
977 1415 1096 1499 ltaque
1119 1423 1154 1478 et
1177 1417 1325 1483 abituras

228 1516 405 1580 consulatu
418 1517 551 1599 jurasti,
567 1521 599 1580 te
615 1515 693 1580 nihil
705 1528 821 1580 contra
835 1518 926 1598 leges
937 1517 1070 1581 fecisse.
1114 1519 1146 1582 3.
1165 1517 1326 1600 Magnum

227 1618 386 1698 hocerat,
402 1639 479 1683 cum
504 1620 736 1702 promitteres3
768 1618 890 1703 majac,
915 1625 1098 1704 postquam
1122 1623 1323 1704 praestitisti.

224 1923 270 1966 tros
278 1917 332 1980 plur
341 1916 439 1966 velimus
455 1917 532 1966 codd.
549 1917 633 1968 Paria.
652 1924 679 1967 et
691 1918 853 1980 (dumph-2
871 1918 941 1974 Quod
951 1932 994 1978 ego
1009 1931 1071 1966 anae
1083 1917 1170 1980 rulgg.
1188 1917 1326 1981 “Vegeta

227 1982 310 2044 magia
320 1980 423 2037 oratio,'
438 1982 519 2046 iuquit
532 1983 642 2042 Limina,
651 1983 659 2011 ‘
669 1985 690 2031 ai
701 1984 764 2038 Quid
776 1998 819 2044 ego
835 1984 913 2042 legas,
926 1991 953 2030 et
970 1981 1154 2038 interrogando
1175 1995 1251 2030 acrias
1267 1990 1327 2044 port

227 2045 311 2094 disco!
342 2045 402 2096 Jam
415 2059 476 2094 tero
487 2045 513 2093 in
530 2057 616 2095 nostro
629 2048 717 2096 codice
730 2048 782 2095 Ma.
794 2046 909 2107 legimur,
922 2046 988 2102 Quid
999 2059 1055 2105 ergo
1064 2059 1126 2092 nnuc
1135 2047 1237 2107 primum
1248 2047 1327 2108 oudin,

226 2113 288 2172 quud
299 2124 361 2158 nuuc
369 2109 471 2172 primum
481 2110 555 2158 diaco.
590 2111 735 2160 Pronomen
747 2113 807 2172 quod
818 2113 843 2157 in
857 2111 965 2158 alterius
977 2109 1085 2156 membri
1104 2109 1179 2157 initio
1199 2109 1328 2158 inutiliter

227 2173 337 2235 positum
354 2182 403 2229 eat,
421 2179 465 2223 aut
484 2174 654 2237 suspicionem
672 2173 765 2222 afferre
785 2181 883 2234 potest,
901 2173 926 2222 in
944 2174 1087 2235 antiquiore
1099 2172 1189 2222 codice
1202 2175 1279 2222 etiam
1292 2175 1326 2222 ab

226 2237 302 2285 initio
315 2237 390 2298 primi
402 2235 509 2285 membri
522 2239 648 2298 scriptum
660 2236 740 2286 fuisse
754 2238 831 2291 Quod.
866 2239 928 2288 Non
946 2251 1079 2285 aversarer
1092 2236 1195 2298 quidem
1211 2238 1252 2285 ltic
1265 2253 1326 2299 pro-

228 2314 321 2349 nomen
340 2301 549 2362 interrogativum
571 2300 655 2356 Quid?
672 2303 726 2357 sed,
745 2300 823 2349 dubia
840 2302 958 2350 codicum
976 2302 1040 2351 Mas.
1056 2303 1224 2356 auctoritate,
1236 2301 1261 2348 id
1274 2317 1326 2352 non

227 2366 401 2414 neceesarium
413 2373 486 2428 puto,
501 2379 557 2413 cum
567 2365 621 2428 jam
641 2368 704 2415 satia
717 2373 808 2426 vegeta
819 2366 853 2414 ait
868 2367 962 2425 oratio,
981 2374 1035 2414 tum
1052 2381 1084 2415 ea
1103 2363 1184 2430 ligura
1200 2369 1326 2432 παθητικῇ,

227 2444 285 2494 qum
297 2431 361 2478 latet
371 2430 395 2477 in
404 2430 494 2478 uerbis
505 2431 656 2490 audie,direo
664 2446 674 2488 ,-
691 2436 743 2479 tum
757 2445 788 2477 ex
801 2429 881 2492 figura
899 2428 1021 2494 ἁρμονικῇ,
1038 2444 1094 2494 qnae
1113 2430 1271 2493 repetitione
1283 2432 1326 2478 tra·

228 2508 283 2543 rum
305 2497 462 2557 vocularum,
480 2509 541 2544 aune
563 2495 675 2557 primum,
695 2496 851 2544 continetur.
886 2495 1045 2544 Particulam
1066 2508 1127 2544 vero
1145 2509 1211 2557 ergo,
1227 2509 1283 2557 qnae
1300 2501 1327 2544 et

227 2559 290 2610 alibi
301 2573 353 2608 non
365 2573 423 2608 raro
435 2573 492 2608 cnm
506 2561 655 2622 pronomine
667 2574 709 2620 ego
721 2564 904 2623 commutatur,
922 2559 1053 2608 lubentius
1074 2558 1194 2615 admitto,
1206 2573 1263 2608 cum
1277 2573 1326 2608 non

228 2624 308 2675 solnm
318 2624 344 2673 in
354 2628 450 2685 nostro,
461 2625 506 2672 aed
519 2631 548 2673 et
559 2625 584 2672 in
595 2625 733 2673 l’aririeusi
745 2624 836 2673 codiee
847 2624 898 2673 Ma.
907 2629 990 2680 extet,
1002 2631 1029 2674 et
1039 2623 1089 2672 rim
1100 2623 1265 2682 consectarii,
1275 2636 1327 2687 quo

226 2689 269 2739 hic
284 2689 366 2738 utitur
383 2687 489 2749 Orator,
501 2689 701 2750 complectatur.
735 2689 877 2752 Postquam
888 2689 957 2737 eninr
969 2688 990 2736 ia
1004 2689 1079 2750 paulo
1092 2694 1151 2735 ante
1163 2697 1327 2746 memorarat,

226 2754 365 2817 Trajannm
377 2752 557 2815 imperatorem
570 2753 669 2816 legibus
681 2761 855 2815 congruenter
862 2753 974 2816 jurasse,
984 2757 1011 2800 et
1022 2765 1050 2799 re
1062 2751 1201 2813 subjecisse
1213 2752 1328 2814 legibua3

228 2825 283 2866 tum
296 2816 428 2866 concludit
440 2816 504 2864 lianc
514 2819 685 2863 narrationem
697 2819 769 2877 qtrasi
781 2831 828 2879 per
846 2817 1080 2869 ratiocinationem,
1098 2814 1218 2876 subjecta
1234 2815 1326 2880 γνώμῃ.

227 2881 260 2930 In
272 2881 364 2930 codice
375 2880 427 2927 Ma.
439 2879 681 2941 Guelplrerbytano‚
699 2887 725 2927 et
736 2881 820 2928 altero
831 2878 912 2928 Gudii
924 2881 999 2940 libro,
1011 2880 1071 2927 item
1082 2879 1107 2927 in
1117 2880 1327 2941 Berneggeriana

228 2952 256 2996 et
275 2942 412 2993 Hackiana
429 2943 549 2998 editione,
565 2943 620 2990 lraec
639 2941 718 2991 verba
736 2943 810 3004 primi
828 2943 944 3003 membri,
962 2943 1225 3006 auacprimumnirdio,
1237 2952 1326 2992 cantra

227 3005 351 3072 suffragia
372 3005 483 3054 omnium
505 3007 611 3056 aliorum
630 3005 748 3055 codicum
767 3007 833 3056 Mas.
853 3007 1027 3071 librorumque
1048 3007 1241 3068 impressorum,
1258 3010 1325 3058 male

229 3074 323 3124 aminea
333 3077 402 3120 aunt.
435 3071 486 3120 Sed
497 3078 524 3120 et
535 3072 560 3120 iu
572 3072 688 3120 omnibns
698 3072 831 3122 codicibus
843 3071 907 3123 Mar.
920 3073 1034 3136 reliquia,
1050 3078 1127 3135 atque
1140 3071 1164 3120 in
1177 3071 1327 3134 cuspiniani

229 3147 257 3190 et
269 3137 379 3202 Gryphii
390 3134 513 3193 editione,
530 3151 639 3200 sequens
658 3136 796 3185 membrum
815 3151 861 3200 per
873 3139 990 3199 copulam
1010 3152 1053 3199 que
1072 3151 1130 3186 cum
1148 3137 1326 3200 superioribus

229 3211 303 3254 recte
315 3201 487 3252 connectitur.
520 3201 597 3250 Unde
609 3201 646 3250 sic
658 3215 687 3248 ea
699 3201 780 3249 verba
789 3201 942 3251 collocanda
953 3209 980 3249 et
995 3201 1203 3264 interpungenda
1220 3215 1325 3252 centro:

231 3269 301 3326 Quod
311 3282 367 3328 ergo
378 3281 438 3314 uuae
448 3266 549 3328 primum
565 3267 644 3319 audio.
660 3280 721 3315 uuae
736 3267 839 3328 primum
856 3268 936 3316 disco:
951 3281 996 3314 nort
1007 3270 1042 3314 ert
1058 3265 1166 3329 princepe
1176 3265 1327 3328 mperlegm,

228 3336 271 3382 ard
290 3335 355 3391 leger
365 3343 435 3393 super
443 3331 572 3392 principem
581 3346 591 3386 ,·
604 3330 711 3392 idemque
724 3331 816 3378 Cereri
825 3331 923 3391 corculi,
934 3332 995 3393 quod
1003 3331 1098 3390 ceterir,
1112 3343 1159 3376 aua
1169 3329 1233 3377 licet.
1243 3330 1326 3386 durat,

230 3395 282 3460 uc!
298 3396 428 3446 Schuetz.
450 3396 510 3443 viu.
523 3393 547 3442 N
551 3402 601 3442 ott.
613 3396 690 3443 Varr.
722 3395 796 3455 Mox,
807 3394 868 3444 idem
874 3395 1044 3455 inpetrandam
1054 3399 1089 3442 eet
1101 3393 1178 3441 codd.
1190 3393 1263 3442 Vatt.
1275 3395 1327 3444 Ve-

229 3467 296 3510 nett.
306 3463 331 3508 2.
343 3459 436 3507 Salisb.
448 3459 616 3507 Sclruarzian.
625 3467 652 3507 et
665 3461 728 3508 Eric·
741 3461 814 3507 Voss.
840 3459 943 3508 inanima
952 3459 1052 3509 interest
1065 3457 1184 3506 Beroald.
1196 3464 1223 3506 rt
1234 3459 1327 3510 Catan.

229 3539 277 3574 aaa
287 3521 388 3586 pejerari
399 3521 457 3570 edrl.
476 3524 547 3583 Lips.
565 3523 675 3584 Berneg.
695 3523 780 3572 Hack.
792 3525 854 3572 Cer.
866 3531 893 3572 et
906 3523 985 3572 Gesn.
1019 3521 1130 3582 Deinde,
1141 3521 1218 3571 codd.
1229 3521 1290 3572 Vat.
1302 3528 1327 3574 4.

231 3596 260 3639 et
271 3585 364 3638 Salisb.
376 3601 391 3635 a
402 3601 435 3634 m.
453 3601 492 3648 pr.
509 3587 594 3647 Itaque
611 3593 634 3638 et
653 3587 784 3648 habiturus,
800 3590 890 3649 ipa-3
909 3587 992 3636 Codd.
1012 3586 1103 3634 Salisb.
1116 3595 1142 3634 et
1155 3586 1326 3636 Schwarzian.

230 3653 376 3714 maimerat,
388 3653 443 3700 dum
458 3651 605 3716 prestitisti.
639 3653 712 3715 Mox,
728 3651 804 3701 codd.
817 3651 995 3702 Vati-Vener.
1012 3655 1037 3700 2.
1054 3650 1148 3700 Salisb.
1167 3659 1194 3699 et
1212 3650 1325 3716 Guelph.

727 3811 752 3862 N
756 3809 833 3860 OTAE

232 3909 346 3974 quinque
366 3907 421 3958 dies
443 3906 516 3971 fungi
539 3916 667 3972 poterant.
701 3907 758 3958 Liv.
829 3907 1027 3972 trimetriam]
1041 3905 1148 3956 Addunt
1159 3905 1337 3970 aliquilicere.

230 3985 277 4036 lib.
289 3999 325 4034 nt.
357 3986 444 4037 Quare
463 3984 529 4034 bene
546 3984 618 4034 addit
636 3984 759 4048 principis
800 3984 853 4035 Sed
866 3987 887 4034 ri
899 3984 959 4032 nibil
971 3983 1090 4032 omissum
1104 3991 1155 4045 est,
1165 3990 1193 4030 nt
1205 3983 1266 4030 ratis
1281 3982 1326 4028 mi·

231 4062 341 4110 multum
352 4061 488 4118 interesse,
496 4068 525 4111 ut
535 4061 676 4124 juramenti
686 4059 760 4117 fider,
799 4061 826 4109 hi
839 4059 975 4110 verisimile
993 4057 1032 4115 fir,
1051 4071 1140 4108 sensus
1153 4059 1215 4107 erit:
1234 4058 1276 4106 Sic
1295 4055 1326 4106 tit

234 4147 285 4196 qna
295 4142 322 4183 et
333 4135 412 4197 ipsius
424 4143 452 4186 et
468 4137 618 4200 reipublice
636 4137 704 4190 aelus
722 4136 759 4188 ni·-
801 4143 830 4185 nt
845 4131 902 4201 plius
921 4140 947 4184 te
970 4149 1095 4185 amemus.
1131 4131 1242 4184 ‘Velle'
1258 4132 1344 4182 eninr·

233 4209 309 4266 titur,
320 4217 373 4264 ster
384 4213 528 4264 incolumia.
802 4209 1102 4276 ‘alicub'idrignifican
