3088 4848
545 365 828 418 annueramus.
873 367 896 413 ι.
918 352 970 417 55.
1238 353 1305 420 277

210 513 257 580 sis'
279 511 503 578 innocentium
525 511 620 575 bonis
640 510 839 593 repleturus·
882 510 915 576 6.
937 509 1038 578 Stant
1057 511 1157 592 igitar
1173 491 1304 596 efficies

210 620 292 690 tum,
308 614 425 695 quales
440 613 519 684 olim
535 613 580 678 ob
592 613 724 694 egregia
737 611 773 674 iu
787 612 1023 694 rempublicam
1038 612 1303 698 meritaprivatia

210 713 416 781 dicabantur.
459 713 625 777 Visuntur
653 713 771 776 eadem
797 733 816 775 a
841 713 978 780 materia
999 712 1145 780 Castris
1168 720 1302 795 statuo,

210 835 276 896 qua
291 811 495 891 Brutorum,‘¹
508 833 577 896 qua
589 813 830 882 Camillorum-⁰
866 815 897 878 7.
913 813 991 880 Nec
1002 815 1170 898 discrepat
1178 836 1299 882 cauea:

209 914 259 978 illi
282 916 371 979 eninr
394 933 490 996 regen
509 913 702 997 hostemque
723 915 882 980 victorem
898 915 1064 980 moenibus
1081 913 1299 998 depuleruut3

207 1013 261 1079 bic
275 1035 410 1098 regnum
426 1017 547 1099 iprum,
564 1033 707 1097 qumque
721 1014 790 1080 alia
804 1014 985 1097 captivitas
996 1014 1126 1096 gignit:¹
1145 1021 1244 1092 arcet,
1259 1038 1300 1088 ac

207 1122 404 1194 summovet,
416 1117 595 1199 sedemque
608 1115 734 1180 obtinet
744 1114 918 1196 principis,
928 1129 968 1180 nc
980 1116 1024 1181 sit
1036 1114 1169 1183 domino
1180 1117 1299 1186 locun*

205 1216 238 1281 8.
261 1217 314 1282 Aa
327 1218 406 1283 mibi
423 1217 565 1286 intuenti
575 1215 776 1297 sapientiam
788 1221 889 1292 tuam,
901 1215 1010 1278 minus
1031 1216 1298 1297 mirumvidetur,

205 1318 294 1400 quod
311 1318 471 1390 mortales
487 1318 569 1381 istos
584 1317 798 1399 caducaeque
812 1315 938 1392 titulos,
955 1320 1012 1384 aut
1028 1316 1224 1399 depreceris,
1239 1326 1298 1386 aut

204 1426 393 1501 temperes.c
437 1418 515 1484 Scia
536 1418 635 1494 cuim,
656 1417 714 1484 ubi
737 1437 816 1485 vcra
829 1417 1003 1499 principis,
1019 1418 1076 1484 ubi
1091 1422 1296 1502 sempiterna

204 1519 249 1582 ait
260 1520 388 1602 gloria3
411 1520 469 1588 ubi
485 1519 554 1584 sint
567 1519 724 1597 honores,
739 1519 773 1583 in
788 1538 874 1601 quos
888 1518 1131 1596 nibilllamnria,
1145 1520 1228 1585 nihil
1243 1531 1296 1588 aa*

201 1623 343 1702 nectuti,
369 1620 453 1686 nibil
480 1622 740 1700 successoribus,
768 1621 896 1688 liceat.¹¹
936 1623 968 1688 9.
990 1621 1099 1686 Arcus
1129 1623 1229 1700 eninr,
1259 1629 1295 1688 ct

201 1727 342 1798 statuas,
359 1722 559 1798 amantium,
575 1722 775 1804 templaque,
791 1718 992 1790 demoliturf
1011 1731 1046 1786 et
1060 1723 1216 1790 obscurat
1232 1725 1292 1789 ab·

200 1819 294 1898 livio,
311 1821 446 1904 negligit
464 1824 639 1905 carpitque
654 1824 857 1904 posteritas:
881 1829 1008 1896 contra,
1024 1830 1206 1889 contemtor
1221 1841 1291 1888 ama

198 1921 347 1999 bitinnia,
362 1929 396 1986 ct
409 1923 546 1988 infinitae
562 1925 741 2007 potestatis
756 1923 899 1988 domitor
911 1943 951 1988 ac
967 1925 1126 1988 irmnator
1147 1923 1292 2000 animun,

197 2015 274 2104 ipsa
289 2029 453 2088 voluntate
470 2022 623 2098 lloreacit,
638 2043 700 2090 nec
719 2025 762 2090 ab
785 2023 860 2090 ullis
880 2024 988 2106 magis
1005 2023 1171 2100 laudatur,
1188 2041 1288 2105 quana

196 2123 344 2204 quibuag
366 2125 496 2190 minime
511 2143 648 2192 necesso
664 2133 728 2192 eat.
772 2125 951 2202 Praeterea,
963 2130 1000 2190 ut
1016 2125 1159 2207 quisque
1174 2124 1288 2192 factus

228 2299 240 2322 ⁰
258 2294 293 2341 Et
303 2299 380 2344 cetera
391 2298 452 2344 mala
463 2312 515 2360 aaa
523 2299 624 2346 nervum
634 2312 711 2347 noum
720 2299 804 2362 affert.

228 2352 239 2386 ὗ
255 2357 295 2405 Νι
305 2364 419 2422 tyrannus
428 2362 488 2409 banc
498 2363 575 2410 aedem
585 2367 689 2424 occupet.

227 2426 237 2450 θ
254 2421 306 2469 Aut
316 2423 432 2484 remigiae,
442 2429 483 2472 aut
494 2431 601 2486 exparte
612 2430 703 2474 tantum
712 2426 834 2480 admittas.

224 2480 238 2513 ‘¹
255 2484 319 2538 Quor
328 2501 400 2550 acqua
410 2488 484 2550 aaa,
495 2503 567 2550 aeque
578 2493 690 2544 autuman,
702 2503 775 2552 nequo
783 2489 873 2550 portari
884 2489 987 2536 adimere
997 2489 1096 2548 poraiat.

647 2623 827 2652 monnone

191 2722 285 2774 Patav.
311 2724 425 2774 comtibus
443 2726 491 2776 tais
511 2724 684 2777 Schwaraian.
718 2723 791 2778 Mox,
810 2723 891 2786 etqui
912 2721 1028 2786 plurima
1046 2720 1105 2770 edd.
1133 2721 1283 2784 anisolam,

190 2786 283 2836 oruirsa
294 2789 420 2851 particula
430 2795 468 2850 at,
479 2789 522 2840 cd.
534 2791 676 2842 Catane-6
693 2787 766 2836 Stant
775 2788 868 2848 igitur.
880 2818 887 2835 .
899 2817 906 2832 ·
917 2784 1067 2848 dicabantur]
1085 2785 1151 2834 Haec
1162 2787 1282 2836 simililer

190 2851 283 2899 omissa
298 2858 358 2902 sunt
379 2855 405 2902 in
423 2854 517 2904 Pater.
544 2854 683 2904 dicebantur
700 2852 777 2903 codd.
797 2850 879 2902 Paris.
899 2849 1012 2909 Gnelpb.
1030 2858 1057 2898 et
1076 2851 1282 2900 scameratam.-

189 2917 204 2962 ⁷
223 2915 279 2964 Noa
298 2918 414 2980 aberam
433 2919 491 2967 cod.
512 2918 606 2969 Putat.
637 2918 710 2978 Mox,
728 2931 758 2965 aa
773 2915 807 2962 ait
822 2915 911 2965 domiai
925 2917 987 2962 locun
1001 2913 1059 2962 cod.
1074 2915 1166 2963 Patav.
1178 2923 1206 2964 et
1217 2915 1281 2964 Eac.

190 2978 315 3028 Vara-8
330 2979 366 3030 At
376 2982 436 3032 mili
446 2981 516 3038 aad.
530 2987 552 3032 1.
579 2981 683 3032 intuenti
693 2979 719 3028 ia
729 2995 750 3028 a·
760 2985 825 3030 taam
835 2978 896 3028 cdd.
908 2976 1015 3027 Arcena.
1030 2977 1065 3026 H.
1083 2979 1173 3041 Stepb.
1190 2979 1278 3028 Rivln.

188 3041 320 3095 anlroru.
337 3050 364 3097 et
376 3046 470 3099 cellar.
503 3047 559 3096 Scir
568 3048 640 3101 enim,
655 3045 726 3106 quod,
744 3043 784 3092 abi
800 3059 863 3096 aera.
874 3043 914 3104 isc.
925 3041 1001 3090 codd.
1014 3041 1076 3091 Vat.
1087 3047 1112 3091 4.
1125 3052 1151 3091 et
1162 3043 1280 3092 Schwar-

188 3107 255 3154 aian.
286 3109 351 3157 Vna.
362 3109 478 3172 principia
492 3111 566 3158 decet
582 3111 607 3158 in
619 3108 695 3156 codd.
706 3106 776 3155 Vatt.
788 3107 881 3154 venel.
894 3109 917 3154 2.
929 3111 955 3152 et
965 3105 1060 3152 Saliab.
1071 3120 1086 3152 a
1099 3121 1129 3154 ιιι.
1140 3121 1180 3166 pr.
1192 3105 1211 3154 tt
1222 3112 1279 3154 auat

186 3169 284 3220 bonores
295 3172 370 3222 codd.
383 3174 457 3222 Vatt.
467 3173 560 3222 Venct.
571 3177 596 3222 2.
607 3181 633 3220 et
647 3170 740 3220 Salirb.
768 3169 793 3217 bi
804 3172 854 3218 aiat
864 3170 963 3216 bonores
973 3168 1069 3216 Venel.
1081 3172 1105 3217 1.
1131 3168 1166 3216 ibi
1175 3169 1224 3217 rint
1236 3170 1278 3217 bo·

186 3247 255 3282 nores
267 3235 308 3284 ed.
320 3237 437 3286 Siclrard.
449 3245 476 3286 et
488 3237 522 3286 H.
533 3237 624 3298 Stepb.
635 3235 661 3283 iu
673 3248 752 3294 marg.
769 3233 795 3281 bi
805 3239 861 3280 aaut
871 3234 970 3279 bonores
980 3230 1058 3279 codd.
1068 3231 1152 3280 Faria.
1163 3233 1278 3280 Siclrard.

185 3297 355 3351 Scbuarzlan.
367 3310 394 3352 et
406 3303 471 3352 Exc.
480 3301 608 3350 Vota—9
625 3299 690 3348 Cad.
700 3297 824 3346 Palaraet
832 3295 934 3361 infinita
942 3310 968 3357 p.
979 3297 1118 3344 dominator.
1151 3297 1225 3359 Mox,
1235 3312 1278 3346 aec

679 3425 785 3480 NOTAE

215 3522 227 3556 ἃ
244 3523 388 3588 Brutorum]
405 3527 433 3576 Ιι
445 3527 629 3579 animantur
642 3527 708 3576 Bru·
748 3523 877 3586 Capitolio
903 3521 971 3571 inter
992 3535 1065 3583 reget
1088 3520 1196 3583 patitur,
1212 3520 1276 3574 dex·

183 3601 275 3662 taaqni
285 3601 447 3664 Tarquinium
460 3602 603 3665 Superbum
615 3617 645 3651 ac
657 3615 707 3654 una
747 3608 787 3652 tra
808 3599 919 3663 gladium
942 3606 1042 3648 tenena.
1074 3597 1229 3651 Plutarchus
1246 3597 1274 3645 lu

183 3689 240 3722 cum
262 3689 293 3723 eo
315 3678 413 3738 regium
433 3691 524 3728 nomen
543 3677 708 3738 erepublica
746 3679 837 3726 Bruto.

181 3752 287 3799 cuntulit
297 3765 338 3799 aa.
349 3753 383 3802 U.
396 3753 425 3801 C.
442 3756 499 3800 aab.
517 3752 551 3800 ob
566 3751 635 3815 quod
652 3751 708 3802 fac·
777 3764 788 3792 θ
806 3753 970 3814 camillorum]
988 3752 1027 3798 De
1043 3750 1158 3798 Caminia
1174 3748 1273 3800 dictum

181 3831 235 3875 tum
251 3825 347 3888 primur
358 3827 529 3876 Romanorum
544 3828 633 3876 conral
651 3825 706 3876 fac·
745 3837 786 3880 ert
805 3843 883 3891 capra
900 3841 957 3890 cap.
975 3839 1027 3876 ιιι.
1063 3825 1132 3874 Huic
1150 3825 1193 3889 qni
1209 3824 1273 3876 Gal-

180 3906 222 3949 tua
240 3907 289 3954 est,
301 3906 379 3963 atque
390 3903 415 3948 io
432 3901 554 3964 singulari
565 3902 705 3951 certamine
745 3906 783 3954 loa
792 3902 893 3967 expulit
909 3900 1076 3950 ‘statumine
1086 3900 1174 3949 tunica
1182 3899 1208 3947 in
1217 3913 1272 3950 roa.

180 3989 237 4024 cnm
256 3974 356 4026 Aruate
373 3975 502 4038 Tarquinii
519 3975 572 4028 tilio
587 3991 705 4039 congret-
746 3976 952 4042 trtaporttaest:
968 3977 1076 4026 Plinius.

178 4066 222 4103 rur
232 4067 290 4101 cum
301 4051 446 4106 aecldlmet,
453 4052 579 4104 libertatis
590 4065 635 4116 par
646 4067 704 4102 eam
777 4054 787 4090 ¹
802 4053 947 4116 Demolitm]
967 4052 1078 4114 Lipsiae,
1094 4050 1220 4100 demolita
1236 4061 1274 4102 a·'

178 4131 307 4180 restituta
323 4143 421 4180 memor
436 4131 543 4194 populna
562 4133 636 4182 Rom.
648 4145 705 4181 cor·
744 4137 791 4192 tau,
801 4131 908 4180 obscurat
925 4127 1025 4175 obliuio:
1042 4125 1117 4187 bene,
1129 4125 1151 4174 ai
1161 4125 1268 4190 alicuju!

179 4219 226 4269 pua
243 4208 296 4272 ejus
314 4209 339 4257 in
357 4207 412 4257 foro
435 4207 537 4273 paruit:
553 4209 614 4280 quin
634 4215 661 4257 et
678 4209 704 4258 iu
745 4206 843 4258 codicia
854 4202 963 4278 accedat
971 4200 1121 4251 auctorum.
