3088 4848
540 373 821 448 rsaucunrons.
866 361 967 462 ¹3⁸²·
1233 361 1298 430 1131

205 522 303 582 rant:
325 518 528 600 usurpabant
555 523 677 595 antem,
702 523 740 584 ut
766 519 910 585 domitus
933 520 1123 604 fractasque
1145 523 1299 588 claustris

206 619 304 696 feras,
328 639 368 684 ac
392 619 513 683 deinde
537 620 570 682 in
593 619 743 702 ipsorum
766 620 900 703 quidem
927 619 1126 685 ludibriumi
1146 624 1300 700 emissas,

207 722 345 785 mentita
361 723 547 801 sagacitate
559 721 761 804 colligerent.
793 721 887 786 Huic
901 740 961 805 par
976 722 1133 804 capiendi
1149 743 1298 806 quaeren-

208 821 310 904 dique
325 821 454 899 sudor,⁴
474 840 690 904 summusque
704 828 736 886 ct
750 823 839 886 idem
854 824 1063 902 potissimus
1077 824 1184 900 labor,
1207 826 1298 888 inre·

205 923 290 986 niro.
332 925 363 985 4.
386 923 572 999 Enimvero,
587 923 616 986 si
636 923 770 1004 quaudo
786 923 914 1005 placuit
925 923 1013 987 idem
1028 925 1178 1007 corporis
1199 925 1300 988 robur

207 1024 241 1085 in
258 1024 365 1088 maria
380 1025 537 1106 proferre,
553 1043 619 1088 non
635 1024 692 1086 illa
706 1023 872 1089 fluitantia
887 1025 974 1100 vela,
989 1031 1049 1088 aut
1061 1025 1173 1089 oculis
1189 1027 1300 1108 sequi·

208 1131 348 1198 tonant
368 1125 565 1206 manibus';·
587 1125 645 1190 sed
675 1145 761 1190 nuuc
783 1127 1012 1208 gubernaculis
1038 1127 1189 1206 assidet;
1211 1145 1300 1190 nunc

205 1243 284 1288 'cnm
296 1227 524 1292 valentissimo
540 1247 675 1311 quoquo
690 1227 879 1292 sodaliums
886 1236 992 1293 certat
1006 1229 1154 1310 frangere
1167 1229 1299 1305 fluctus,

205 1324 370 1390 domitare
385 1333 500 1392 ventos
515 1329 726 1406 reluctantes,
741 1331 908 1414 remisque
919 1325 1146 1394 transfretarej
1163 1330 1301 1393 obstan·

207 1427 257 1491 tia
272 1427 369 1492 freta.

250 1526 339 1591 Cur.
364 1543 524 1592 cxxxii.
558 1531 591 1593 1.
614 1530 781 1609 Quantum
801 1532 974 1598 dissimilis
992 1532 1054 1610 illi,
1077 1531 1135 1615 qni
1156 1551 1223 1595 non
1240 1531 1300 1594 Al·

206 1629 287 1692 bani
315 1626 434 1693 lacusk
468 1630 599 1709 otiatus
629 1632 818 1716 Baianique
849 1629 1041 1717 torporem¹
1063 1639 1096 1697 et
1118 1632 1299 1710 silentium,

239 1769 253 1804 θ
270 1771 369 1834 lbajani
379 1771 477 1834 aqualis
487 1777 511 1820 el
521 1772 547 1820 in
557 1771 679 1836 capienda,
688 1780 714 1822 et
722 1773 750 1822 iu
760 1775 885 1836 querendo
894 1776 976 1838 preda
985 1774 1059 1824 laben

237 1841 250 1868 ⁶
262 1836 304 1885 Ad
314 1836 435 1912 ueritiam
446 1839 582 1902 extendere,
597 1851 643 1886 noa
660 1839 702 1887 ille
718 1841 771 1888 urla
789 1839 907 1888 undantia
923 1839 995 1888 aculis
1014 1839 1121 1887 obseurat
1137 1843 1239 1899 tantum,
1256 1844 1300 1889 aut

205 1904 498 2012 ”ainsiffl‘robustisrimo
509 1979 597 2027 quoque
606 1963 730 2015 sociorum.

238 2035 253 2070 1
269 2027 409 2076 Malaaiam.

694 2107 843 2129 oeuueeu

206 2189 309 2252 legend.
320 2195 408 2265 putat!
416 2189 457 2252 qui
466 2190 568 2238 laborem
577 2189 749 2266 precabantur.
783 2190 888 2266 Caspio.
900 2191 1024 2242 cruland.
1037 2192 1137 2256 Gryph.
1149 2199 1175 2241 el
1186 2190 1303 2242 Siebarrl.

205 2268 286 2366 ltu:
302 2253 1301 2382 1111111111111111111111111111’.1111111111

205 2389 233 2430 et
244 2379 413 2430 Schwarziaa.
425 2383 486 2430 itero
499 2382 559 2430 edd.
572 2382 606 2430 Η.
616 2381 708 2444 steph.
721 2382 822 2445 Grypb.
833 2398 873 2433 an.
886 2387 958 2433 laur.
971 2386 1088 2434 Sicbard.
1099 2394 1126 2434 et
1138 2386 1221 2434 Ririn.
1234 2385 1302 2445 froc·

205 2451 288 2508 larque
298 2445 472 2504 claibrr'sseras
481 2447 570 2496 Arata.
582 2461 597 2492 c
607 2446 666 2495 cod.
675 2445 787 2507 Gnclph.
810 2447 941 2496 Livineius
951 2451 1020 2510 conj.
1031 2465 1059 2497 ac
1069 2451 1153 2498 deinde
1163 2450 1189 2496 in
1199 2450 1302 2510 ipsorum

206 2509 277 2572 (quid
287 2509 338 2574 nii)
350 2509 485 2558 ludibrium.
501 2509 795 2571 Grrelpnnaberqaidia
801 2525 811 2566 ,·
823 2511 885 2558 Vnt.
894 2514 919 2558 4.
929 2512 1015 2560 Paris.
1027 2522 1054 2560 et
1062 2513 1158 2560 Vener.
1173 2517 1195 2558 l.
1204 2515 1301 2573 quidni.

207 2574 282 2628 Mor,
296 2571 344 2623 His
353 2589 397 2635 par
407 2587 495 2622 omnes
507 2573 582 2623 codd.
591 2587 634 2632 ap.
643 2573 769 2621 Saburra.
777 2586 833 2620 carn
844 2573 903 2622 edd.
911 2573 1050 2622 Prrteol.et
1059 2573 1180 2622 Beroald.
1198 2576 1248 2623 Hie
1258 2590 1303 2638 par

207 2637 323 2688 Rhenan.
354 2641 425 2688 Nunc
439 2653 485 2702 par
505 2639 577 2700 Lips.
593 2637 706 2698 Berncg.
727 2635 813 2684 Haclr.
833 2646 860 2685 et
879 2637 958 2686 Gesn.
987 2639 1055 2687 Huic
1069 2653 1114 2700 par
1130 2639 1222 2687 Catun.
1242 2638 1303 2687 Ald.

207 2701 347 2750 Philcrnns.
359 2702 484 2753 Cratand.
498 2701 529 2750 R.
541 2708 569 2749 et
581 2699 616 2748 H.
631 2698 723 2762 Stepb.
737 2698 837 2762 Gryplr.
850 2699 956 2750 Arcens.
967 2702 1050 2750 Lirin.
1062 2708 1089 2749 et
1102 2702 1242 2752 Arata-4
1259 2701 1302 2750 Li·

205 2767 258 2813 rin.
269 2763 296 2813 in
307 2780 387 2828 marg.
399 2765 467 2827 conj.
483 2770 526 2814 aut
543 2764 616 2812 oculis
631 2779 652 2813 s.
670 2768 711 2812 aut
728 2763 836 2824 navibus,
852 2763 1021 2827 probantibus
1033 2765 1131 2827 Lipsio,
1142 2765 1264 2814 Rirtersh.
1275 2769 1303 2814 et

206 2829 290 2879 Band.
317 2832 392 2892 Mox,
402 2832 518 2891 raraque
528 2828 658 2888 inanescere
669 2840 758 2876 ornnes
771 2827 847 2878 codd.
859 2843 902 2890 ap.
914 2827 1042 2880 Saburra.
1055 2843 1112 2879 cnm
1125 2829 1186 2878 edd.
1198 2829 1302 2878 Pnrcol.

206 2893 327 2942 Beroald.
342 2896 455 2945 Rhanan.
475 2893 617 2942 Phiiomns.
635 2899 663 2940 et
681 2891 756 2939 Grnt.
772 2893 889 2955 ranisque
900 2894 1004 2943 transire
1015 2895 1205 2956 Lipslierneg.
1218 2893 1303 2942 linck.

207 2957 290 3006 Baan.
300 2957 416 3006 Paterni.
429 2959 491 3006 Cer.
502 2961 529 3004 et
538 2957 618 3006 Geso.
633 2957 749 3018 remisque
759 2956 917 3015 nauriretnre
928 2958 1019 3007 Calan.
1032 2958 1091 3008 Ald.
1100 2959 1175 3010 Janl.
1188 2959 1218 3008 11.
1229 2957 1264 3006 ll.
1275 2965 1305 3008 et

207 3021 239 3070 P.
252 3021 343 3084 steph.
354 3022 455 3085 Grypb.
469 3020 577 3070 Arcens.
586 3020 702 3069 sichard.
715 3021 783 3068 Nar.
800 3021 883 3068 Lirin.
899 3021 1031 3071 Boxborn.
1051 3023 1146 3071 Cellas.
1164 3023 1263 3072 Hearn.
1275 3029 1303 3071 et

206 3085 403 3146 mursensem
414 3085 529 3134 distantia
540 3084 616 3134 codd.
627 3084 723 3132 Salisb.
734 3090 761 3130 ct
772 3084 944 3132 Schwaraian.
1033 3104 1035 3108 ·
1295 3087 1300 3112 ³

239 3150 308 3199 Cur.
320 3163 432 3199 cxxxn.
465 3152 478 3196 1
498 3151 618 3204 Quantum
629 3149 653 3196 d.
664 3149 705 3196 ille
714 3147 807 3196 Salisb.
819 3162 834 3195 a
845 3162 879 3196 m.
892 3162 933 3211 pr.
963 3147 971 3174 ‘
983 3148 1014 3196 In
1026 3147 1154 3208 omnibns,
1166 3163 1229 3214 qnns
1242 3162 1303 3197 eon·

208 3214 284 3277 salui,
302 3215 363 3263 edd.
381 3221 459 3262 antea
488 3215 632 3276 legebatnr‚
652 3211 788 3274 Baianique
810 3216 936 3274 torporem,
955 3213 1022 3274 qnod
1045 3212 1175 3274 interpres
1198 3212 1301 3275 qnidam

208 3279 325 3340 exponit,
342 3278 422 3341 ‘qnia
442 3279 525 3326 ventis
544 3290 595 3326 nan
616 3275 846 3336 niminrnrnrgere
866 3274 985 3324 solebat!
1018 3273 1128 3324 Difficile
1144 3285 1183 3325 est
1203 3277 1302 3338 dicere,

178 3349 182 3354 ·
226 3343 335 3392 uomodo
362 3344 388 3392 in
410 3349 462 3391 tam
486 3341 595 3404 pulchro
618 3353 727 3400 corpore
752 3340 919 3391 leviuscularn
942 3341 1067 3389 macalanr
1090 3355 1138 3388 non
1159 3341 1304 3404 depreben-

207 3355 294 3455 Serint
315 3407 439 3466 editores,
457 3421 533 3468 qrrarn
552 3405 710 3453 sustulerant
727 3404 804 3453 Voss.
826 3410 853 3452 st
869 3403 981 3466 Grrelpb.
1000 3419 1056 3454 curn
1083 3405 1176 3454 reclina
1200 3409 1303 3467 teporem

208 3467 312 3518 dedere.
353 3473 388 3520 Et
408 3484 469 3518 sanc
486 3470 558 3517 Baiae
577 3468 753 3517 celeberrimae
774 3467 880 3516 frrcrnnt
898 3477 1004 3532 propter
1022 3468 1118 3519 calidas
1136 3478 1162 3518 et
1180 3476 1301 3533 tepentes

207 3547 296 3599 aquas,
305 3549 363 3599 qnae
376 3533 541 3583 delicatiores
551 3534 678 3582 Romanos
690 3533 837 3582 amoenitate
850 3546 894 3590 sna
906 3541 933 3582 et
944 3534 1043 3584 deliciis
1054 3533 1207 3584 allicerent!
1215 3533 1303 3584 Arata

706 3687 813 3737 NOTAE

209 3783 312 3835 Albano
338 3798 444 3834 recessa
469 3782 625 3834 conficiebat
639 3783 656 3844 ;’
683 3797 735 3831 non
805 3781 813 3826 l
833 3783 999 3842 Trausfretore
1011 3781 1137 3846 [transire]
1160 3782 1211 3832 Alii
1224 3789 1302 3850 traua

208 3861 331 3924 qnaesitas
352 3860 456 3925 quidem
475 3861 531 3909 illas
552 3861 628 3922 longo
649 3858 735 3906 labora
770 3860 857 3919 ferrer
875 3860 941 3922 quod
954 3873 1003 3909 non
1017 3861 1054 3908 ita
1067 3859 1197 3921 probatur.

207 3945 253 3988 ant
264 3938 410 4000 sagacitate
420 3950 522 4000 magna,
534 3936 580 3985 sed
592 3951 606 3982 e
618 3933 736 3983 claustris
809 3932 821 3968 ¹
832 3935 919 3983 Albani
930 3935 1005 3999 lacus]
1020 3936 1100 3983 Lucas
1110 3935 1135 3982 in
1143 3947 1245 3982 nemore
1256 3934 1301 3984 Al·

207 4019 235 4060 et
247 4013 344 4072 careia,
357 4013 399 4060 ubi
412 4027 468 4061 earn
485 4013 517 4060 ob
533 4024 587 4060 rem
608 4010 736 4059 conclasae
775 4008 854 4068 bano,
868 4011 914 4059 snb
927 4019 1013 4058 nrcnle
1024 4009 1139 4071 ejusdem
1152 4009 1272 4058 nominis.

207 4089 363 4153 domitaeque
375 4087 541 4148 tenebantur,
552 4088 667 4135 emissas.
806 4085 814 4118 ¹
833 4087 964 4148 Baianique
975 4082 1103 4148 torporem]
1127 4083 1209 4131 Laena
1225 4098 1301 4148 prop.

241 4164 401 4228 llaiprorum
410 4165 503 4227 'quidem
512 4161 650 4224 ludibrium]
661 4159 736 4212 Quod
777 4169 818 4210 rer
826 4162 911 4209 Baias.
938 4161 1007 4208 Baioe
1019 4167 1105 4207 arrtenr
1117 4159 1239 4223 oppidana
1252 4161 1302 4210 fnit

207 4243 238 4292 iis
248 4241 334 4306 potins
346 4229 464 4303 ludibrio,
475 4251 549 4304 qnam
559 4239 630 4288 laudi
643 4244 709 4287 erat.
777 4236 932 4299 Campania,
943 4235 1012 4283 inter
1024 4234 1148 4283 Puteolos
1160 4242 1187 4286 et
1199 4236 1302 4296 Cumas,
