3100 4854
261 339 306 404 00
535 350 569 399 c.
591 349 713 398 rurum
737 348 890 400 cncrnn
914 346 1079 398 succum

261 494 406 570 iniisset,
420 493 541 557 docent
554 490 681 556 nummi
697 511 801 576 snpra
819 490 960 566 laudati,
973 491 1008 554 in
1023 490 1146 572 quibus
1160 489 1218 554 ille
1235 505 1352 554 canu.

262 599 389 658 tuntum
404 594 543 676 legitur:
564 611 629 657 non
654 611 754 656 secus
781 592 877 655 acin
901 591 970 654 alio
994 609 1051 653 aer.
1077 606 1103 650 1.
1129 605 1168 651 u.
1191 591 1353 672 palchen,

263 714 366 778 penes
393 695 436 758 D.
464 694 569 758 Wren
593 693 772 777 juniorem,
795 693 842 755 rei
864 691 1055 755 nummariae
1083 691 1352 755 amantissimum

262 797 618 879 peritissimnmque„a
631 795 762 875 postica
785 794 916 875 signato
941 809 975 855 1..
995 799 1034 856 Δ.
1056 811 1116 855 sen
1139 810 1194 854 an.
1216 792 1353 874 Trajani

263 901 396 979 quarto,
420 914 497 958 cum
519 895 661 956 Fortuna
683 897 808 973 stante;
830 894 872 956 ab
890 895 1001 957 antica
1025 911 1121 957 veros
1143 899 1228 954 m.
1251 897 1353 958 KAlt.

263 1004 355 1060 NEP.
380 1001 528 1058 ΤΡΑΙΑΝ
545 1000 641 1073 (ER.
658 998 781 1055 ΓΕΡΜ.
804 990 888 1074 Cap.
904 992 987 1056 laur.

307 1096 381 1160 Illis
407 1100 454 1159 ita
477 1094 653 1178 prolixius,
677 1099 715 1158 nt
738 1113 875 1157 necesse
900 1093 972 1170 fuit,
987 1093 1162 1176 expositis,
1176 1113 1352 1158 censemus
1414 1105 1419 1112 “

266 1197 365 1261 Plinii
380 1196 444 1279 Ep.
459 1212 499 1260 x.
513 1197 545 1259 9.
572 1195 651 1259 hnic
671 1215 722 1259 an.
743 1194 952 1278 alligandam,
968 1214 1038 1276 qua
1057 1194 1203 1277 Trajano
1219 1194 1354 1264 scribit:

264 1296 446 1361 ‘Victoriae
470 1303 548 1374 tue,
568 1298 692 1379 optime
714 1297 794 1378 imp.
817 1295 984 1372 maximae,
1006 1293 1248 1377 pulcherrimae,
1269 1297 1354 1359 anti·
1452 1319 1454 1323 ·
1531 1309 1532 1316 ¹

264 1398 446 1480 quissimae‚
463 1404 496 1462 et
508 1404 566 1462 tuo
581 1399 725 1473 nomine,
739 1405 772 1462 et
788 1397 887 1480 Reip.
902 1395 1064 1479 gratulor,’
1078 1398 1138 1460 &c

307 1501 386 1564 Hoc
395 1521 536 1584 quoqne
559 1521 612 1565 an.
629 1501 704 1583 jam
726 1499 856 1576 adulto,
879 1507 915 1563 at
940 1507 1115 1580 antequam
1141 1498 1307 1581 Trajanus
1332 1519 1353 1561 e

265 1601 376 1664 Dacia
398 1602 532 1679 rediret,
546 1599 702 1664 Varenus
724 1601 822 1664 nobis
837 1599 980 1675 videtur,
997 1599 1069 1682 Jam
1091 1598 1354 1682 Bithyniaepro·

265 1701 437 1765 consulatu
459 1702 597 1765 functus
619 1720 659 1764 ac
683 1701 803 1764 Romae
822 1718 987 1776 reversus,
1003 1719 1023 1762 a
1038 1699 1193 1780 Bithynis
1217 1718 1354 1763 accusa-

263 1805 328 1878 tus,
344 1808 445 1883 atque
460 1821 481 1864 a
495 1800 605 1864 Plinio
622 1801 823 1865 vindicatus.
866 1799 998 1863 Etenim
1020 1798 1147 1863 Noster
1170 1798 1233 1882 Ep.
1250 1815 1285 1862 v.
1299 1797 1353 1862 20.

265 1901 412 1992 ‘lterum
430 1901 578 1985 Bithyni,
593 1907 672 1983 post
686 1903 785 1966 breve
805 1907 938 1984 tempus
955 1899 1074 1979 (NB.)
1087 1919 1108 1964 a
1122 1900 1146 1965 J
1149 1899 1217 1964 ulio
1233 1899 1353 1973 Besso,

265 2003 364 2066 ctiam
396 2003 521 2067 Rufum
549 2001 717 2066 Varenum
748 2000 977 2085 proconsulem
1007 1999 1206 2064 detulerunt.
1250 1996 1358 2062 Vare-

264 2121 354 2178 num,
368 2124 469 2186 quem
484 2121 590 2185 nuper
605 2103 769 2166 adversus
783 2103 928 2165 Bassum
943 2100 1143 2166 advocatum
1155 2107 1188 2164 et
1199 2100 1355 2182 postula-

263 2209 339 2265 rant
364 2211 398 2265 et
420 2203 643 2285 acceperant,’
658 2206 718 2267 &o
764 2203 898 2282 Quibus
920 2202 1052 2266 collatis
1075 2223 1149 2266 cnm
1171 2202 1236 2286 Ep.
1253 2217 1304 2265 ru.
1323 2201 1355 2265 9.

264 2302 321 2366 nbi
343 2302 439 2379 dicit,
457 2304 680 2386 Pomponium
700 2302 825 2367 Rufum
849 2304 957 2384 egisse
979 2322 1040 2386 pro
1062 2303 1218 2386 Bithynis
1240 2308 1355 2366 contra

263 2399 418 2480 Bassum,
442 2403 568 2466 clarum
591 2404 664 2480 erit,
689 2419 715 2464 1.
738 2402 863 2466 Rufum
883 2402 1063 2479 Varenum,
1083 2403 1125 2466 de
1146 2423 1213 2485 quo
1238 2402 1302 2485 Ep.
1320 2419 1354 2464 v.

265 2501 320 2566 20.
331 2522 431 2568 unum
443 2504 647 2587 eundemque
660 2524 736 2568 esse
748 2524 788 2568 ac
800 2503 1027 2585 Pomponium
1042 2503 1168 2567 Rufum
1184 2503 1248 2586 Ep.
1259 2519 1310 2565 ιν.
1320 2503 1355 2566 9·

267 2621 309 2666 11.
330 2602 501 2669 Varenum
525 2625 590 2669 non
614 2606 750 2688 quidem
775 2605 967 2670 immediate
998 2605 1108 2669 Basso
1137 2603 1356 2678 successisse,

265 2726 341 2770 cnm
361 2707 418 2773 ille
442 2711 554 2772 contra
572 2708 661 2770 hunc
680 2708 751 2790 jam
767 2727 785 2770 e
799 2706 971 2789 provincia
985 2724 1152 2769 reversum
1166 2705 1282 2786 egerit,
1297 2725 1356 2768 ne-

266 2827 332 2890 que
349 2815 458 2871 tamen
474 2807 559 2870 duos
579 2809 664 2870 inter
685 2814 860 2888 utrumque
880 2806 1098 2889 proconsules
1118 2805 1233 2880 fuisse,
1256 2811 1293 2866 ut
1315 2805 1357 2868 il-

266 2906 326 2970 lud
349 2909 471 2970 ‘breve
494 2907 644 2987 tempus'
667 2926 707 2970 ac
729 2907 869 2988 ‘nuper'
891 2906 956 2987 Ep.
983 2924 1016 2968 v.
1040 2907 1094 2969 20.
1119 2905 1357 2969 demonstrant.

268 3022 326 3071 ιιι.
349 3006 495 3069 Plinium
507 3025 569 3068 nec
583 3003 708 3068 Vareni
722 3002 951 3068 immediatum
966 3005 1073 3069 fuisse
1094 3006 1128 3068 in
1150 3004 1265 3068 eadem
1281 3025 1356 3088 pro·

266 3106 377 3172 vincia
408 3123 658 3184 successorem
691 3106 818 3188 quippe
847 3105 904 3189 qui
932 3111 1108 3190 utrumque
1137 3108 1252 3171 statim
1277 3112 1356 3189 post

265 3227 379 3273 eorum
404 3205 546 3271 reditum
570 3205 685 3269 tuitus.
730 3205 814 3270 Cum
839 3226 916 3270 vero
940 3207 1003 3270 hac
1027 3207 1062 3270 in
1085 3225 1189 3270 causa
1203 3205 1356 3271 Varenus

267 3313 405 3390 peteret,
427 3313 465 3370 ut
486 3306 580 3369 ‘sibi
598 3326 730 3388 quoqne
755 3306 959 3372 defensionis
983 3326 1087 3370 cansa
1110 3325 1230 3371 vocare
1252 3312 1357 3371 testes

266 3406 402 3484 liceret,’
424 3407 469 3483 id,
495 3424 688 3488 quanquam
712 3409 943 3472 'recusantibus
964 3408 1130 3490 Bithynis,
1154 3408 1189 3470 S.
1213 3407 1252 3472 C.
1279 3427 1355 3482 con·

267 3527 399 3573 cessum
426 3513 489 3583 est,
518 3505 583 3588 Ep.
607 3522 642 3566 v.
665 3505 720 3569 20.
746 3515 779 3570 et
805 3525 857 3570 vr.
878 3508 931 3572 29.
954 3527 1032 3591 qnae
1053 3526 1136 3571 mox
1157 3514 1237 3591 post
1257 3509 1357 3573 istam

269 3608 429 3691 scripta.'
848 3621 849 3624 ’
1345 3621 1348 3628 ’

311 3709 419 3773 Paulo
434 3713 521 3790 post,
546 3714 582 3770 et
596 3707 731 3790 quidem
748 3711 899 3791 sequenti
921 3716 1047 3787 senatu,
1064 3709 1211 3773 Licinius
1226 3708 1358 3792 Nepos,

268 3833 344 3878 cum
359 3811 400 3874 de
417 3809 490 3875 aliis
506 3809 602 3872 rebus
618 3809 803 3888 referretur,
819 3811 861 3874 de
875 3812 934 3875 illo
956 3811 1130 3894 ‘proximo
1146 3810 1181 3873 S.
1197 3809 1238 3873 0.
1253 3809 1358 3873 disse·

267 3914 345 3984 ruit,
359 3912 552 3992 finitamque
568 3929 705 3974 cansam
719 3912 934 3977 retractavit-³
977 3913 1057 3989 Qua
1079 3911 1266 3988 occasione,
1280 3897 1363 3976 cnm'
1401 3906 1405 3913 ’

269 4012 415 4093 Nepotis
432 4011 538 4076 oratio
554 4001 747 4093 displiceret
760 4014 906 4079 maxime
919 4014 943 4078 J
944 4013 1080 4078 ubentio
1096 4010 1196 4074 Celso
1211 4010 1357 4093 praetori,

268 4113 326 4198 qui
355 4132 428 4177 eum
459 4112 687 4178 uehementer¹
708 4115 878 4198 increpuit,
916 4119 1017 4196 atque
1055 4113 1250 4196 disputatio¹
1273 4111 1360 4175 inter
