3022 4852
263 397 310 466 ‘22
581 418 630 466 un
654 404 777 464 rurum
796 416 1049 468 *rsurountoo

266 567 476 652 magnificus,
496 587 572 652 cap.
590 585 640 634 ur.
685 569 815 636 Parcus
836 569 939 636 etiam
961 575 1014 636 est
1036 570 1069 636 iu
1084 571 1268 636 honoribus
1283 575 1366 640 reei-

198 719 202 726 .
265 669 421 754 piendis3
437 669 646 737 adulantium
656 673 1060 755 vooesspornit,ludioras
1071 681 1159 740 artos
1173 693 1196 738 a
1211 675 1366 740 uuioultu

266 781 428 850 removet,
443 773 595 838 caducum
610 773 732 838 titulos
744 773 951 858 deprecatur,
966 776 1048 860 quia
1062 777 1137 855 soit,
1152 776 1212 840 ubi
1227 793 1307 842 vota
1322 780 1367 842 sit

266 873 385 964 gloria,
403 899 479 964 cap.
493 895 627 944 nur-nv.
671 879 739 946 Sed
754 880 905 965 inprimis
919 882 1085 966 copiosus
1099 889 1152 948 eat
1166 881 1200 946 in
1214 880 1366 946 moribus

266 982 526 1066 amplificandis,
538 1001 625 1066 quos
637 982 806 1066 Trajauus
820 984 1015 1050 insecundo
1031 990 1067 1050 et
1080 965 1175 1052 tertio
1190 985 1367 1050 consulatu

265 1085 476 1162 exhibuerat,
491 1105 568 1167 oap.
586 1100 797 1151 nvi-uxxx.

309 1189 343 1252 3.
367 1187 610 1266 Remissiones,
634 1187 758 1270 quibus
780 1188 913 1270 negotia
937 1189 1077 1273 publiea
1101 1187 1243 1254 subinde
1266 1188 1367 1253 inter-

266 1291 402 1374 rumpit,
433 1307 508 1374 qum
540 1289 588 1358 nit
618 1289 685 1354 nisi
716 1290 932 1356 mutationem
962 1291 1102 1358 laboris·
1120 1291 1255 1369 habent,
1291 1309 1367 1374 oap.

269 1406 599 1456 nxxxuuxxxm.
1193 1449 1196 1456 ,

235 1525 237 1532 ·
313 1511 355 1558 11.
377 1495 525 1560 Privata.
569 1494 721 1560 Uxorem
737 1503 772 1560 et
785 1514 933 1560 sororem
954 1497 998 1562 ad
1020 1517 1099 1562 suos
1113 1515 1226 1562 mores
1240 1495 1368 1560 eonfor-

266 1597 474 1679 mavitcap.
490 1607 845 1661 buxutum-uxum.
877 1597 1073 1663 Amicitiam
1085 1599 1297 1666 sanctissime
1310 1616 1368 1661 oo

266 1700 316 1776 lit,
331 1717 407 1783 cap.
426 1713 774 1764 nxxxvmxxxvu.
829 1699 972 1765 Libertis
992 1701 1123 1784 justum
1136 1699 1369 1767 bonorumbo-

268 1803 338 1880 not,
353 1821 431 1886 cap.
450 1803 655 1867 uxxxbur.

313 1905 435 1971 Differt
457 1906 556 1988 igitur
577 1907 652 1972 haeo
672 1907 759 1972 ratio
780 1911 849 1972 tum
867 1906 911 1971 ab
936 1906 1134 1984 Isocratios,
1150 1927 1252 1993 quum
1275 1925 1297 1970 a
1312 1906 1370 1972 Gi·
1455 1901 1458 1910 ’

268 2010 465 2090 oeroniouo;
480 1995 596 2094 ‚neque
619 2028 692 2072 eam
713 2009 967 2093 improbandam
991 2029 1067 2076 essa
1088 2017 1180 2095 puto,
1202 2012 1370 2076 licetuon

269 2110 407 2208 definire
431 2114 551 2190 ausim,
566 2130 610 2177 an
634 2130 703 2176 uon
721 2132 777 2176 res
797 2111 936 2197 Trajaui
958 2113 1076 2178 melius
1089 2113 1234 2178 ordinari
1249 2111 1383 2196 potuo·'

268 2213 347 2278 rint.
373 2293 376 2300 Ι
391 2214 512 2298 Ipsum
528 2215 595 2279 sibi
610 2215 675 2280 boo
690 2214 806 2280 ordine
822 2217 1006 2300 placuisse,
1018 2225 1160 2300 apparet
1173 2216 1262 2299 inde,
1276 2215 1371 2301 quod

270 2316 316 2381 ad
336 2313 417 2380 euni
434 2317 596 2402 inprimis,
612 2326 650 2384 ut
667 2331 769 2403 supra
783 2319 941 2397 uidimus,
957 2320 1116 2385 lentorem
1136 2319 1306 2406 attendero
1314 2317 1369 2402 ju-

271 2418 340 2484 bet.
376 2417 530 2484 Orationi
546 2421 614 2503 ipsi
627 2422 757 2499 morito,
767 2425 800 2484 et
812 2429 933 2489 natura
945 2423 995 2487 sio
1011 2421 1182 2499 suadente,
1194 2404 1372 2505 praemissa

270 2527 322 2588 ost
340 2541 422 2605 bap.
448 2538 500 2585 ιν.
530 2522 669 2587 Summa
688 2523 841 2603 laudum,
870 2534 1128 2610 quamnquam
1149 2525 1369 2590 fundamento

269 2643 346 2703 suo,
364 2625 474 2691 omuis
493 2615 608 2694 nititur
625 2627 760 2691 oratio.¹
791 2626 861 2692 Ubi
876 2627 964 2692 onim
984 2628 1125 2693 laudare
1141 2629 1293 2693 uolumus
1308 2625 1367 2690 bo·

176 2755 179 2767 ·
270 2727 392 2792 minem
422 2729 582 2813 aliquem,
608 2731 752 2813 primum
777 2730 930 2796 universe
956 2729 1172 2808 affirmemus,
1194 2746 1371 2796 eumesso

271 2830 380 2893 uirum
401 2831 501 2913 longo
521 2831 866 2913 excellentissimum
880 2832 1039 2915 *posthaec
1056 2831 1290 2920 confirmamus
1304 2831 1372 2896 boo

271 2939 421 2996 nostrum
438 2933 480 2996 de
495 2953 536 2997 eo
546 2933 909 3017 judiciumuirtutibus
920 2934 995 3020 ejus
1007 2935 1216 3000 recensendis
1231 2940 1266 3000 et
1280 2953 1373 3000 oom-

77 3075 80 3084 -
191 3063 194 3068 ·
272 3034 471 3117 probandis.

315 3136 481 3222 Alterum,
495 3139 585 3224 quod
607 3141 643 3205 in
662 3141 887 3208 examinanda
903 3140 967 3206 huo
981 3141 1126 3206 oratione
1140 3141 1284 3224 spectari
1300 3139 1375 3226 ejus

268 3244 531 3322 auotor'uoluit,
546 3245 708 3310 transitus
732 3252 822 3312 suut.
867 3245 958 3312 Sane
971 3245 1006 3309 iu
1028 3232 1229 3310 transeuudo
1245 3244 1289 3310 ab
1304 3263 1376 3310 una

273 3353 368 3427 parto
391 3344 434 3410 ad
457 3347 592 3412 alteram
612 3367 680 3412 uon
698 3369 773 3413 raro
792 3349 942 3431 proditur
963 3347 1127 3430 ingenium
1147 3347 1199 3412 vel
1220 3347 1376 3434 oratoris,

272 3446 330 3511 rol
349 3446 461 3531 poetae
473 3470 482 3529 ;
495 3469 566 3514 oneo
582 3453 729 3516 minimae
743 3452 835 3516 laudi
851 3450 975 3516 Ouidio
990 3449 1132 3528 ducitur,
1149 3449 1240 3533 quod
1257 3450 1290 3515 iu
1306 3469 1378 3514 am·

275 3550 434 3634 plissimo
450 3553 770 3638 Metamorphoseou
781 3563 881 3638 opere
894 3561 945 3618 tot
957 3553 1090 3618 fabulas
1105 3553 1191 3618 scite
1206 3558 1238 3617 et
1248 3552 1376 3618 collide

250 3655 478 3738 *Jtranseuudo
501 3656 536 3719 iu
557 3659 656 3722 unius
681 3659 832 3742 corporis
853 3657 1003 3740 speciem
1025 3654 1210 3740 conjunxit.
1227 3695 1235 3714 ·
1255 3655 1377 3740 Neque

275 3760 391 3843 negari
411 3765 531 3844 potest,
545 3761 721 3826 commode
744 3763 937 3846 plerumque
957 3758 1119 3824 Nostrum
1135 3764 1249 3842 partos
1262 3759 1378 3841 siugu-

271 3864 330 3928 tas
346 3865 618 3947 commiscuisse3
640 3866 780 3950 idquod
794 3866 894 3931 facile
910 3862 1090 3948 apparebit
1100 3862 1219 3926 lectori
1234 3867 1376 3926 attento.

271 3963 463 4049 'Postquam
478 3960 554 4051 oap.
567 3984 618 4032 tv.
631 3969 822 4032 summatim
830 3967 971 4051 Trajaui
982 3965 1124 4031 ,virtutes
1138 3964 1377 4048 descripserat,

133 4078 137 4082 '
273 4067 324 4132 -ad
346 4068 545 4134 eleotionem
568 4069 745 4134 commode
767 4071 888 4134 transit
908 4068 961 4132 bis
983 4068 1111 4134 verbis:
1138 4068 1278 4133 ‘Talem
1300 4087 1377 4132 esse

200 4231 206 4245 ,
278 4158 439 4254 oportuit,
454 4191 552 4257 quem
575 4191 639 4237 uon
659 4171 752 4236 bella
773 4172 897 4250 civilia,
911 4191 975 4236 neo
997 4171 1099 4266 armis
1119 4189 1284 4254 oppressa
1302 4190 1376 4234 res-

278 4272 428 4357 pubtioa,
444 4274 502 4338 sed
521 4293 603 4362 pax,
617 4275 821 4360 etudoptio,
841 4281 876 4340 ot
893 4275 1029 4342 taudem
1047 4279 1184 4342 exorata
1198 4273 1294 4338 terris
1314 4293 1376 4338 nu-

280 4376 382 4456 mina,
404 4376 573 4448 dedissent
581 4378 601 4464 ;’
619 4385 702 4464 'qua
724 4377 894 4448 sententia
916 4379 1053 4446 mutuae
1074 4377 1188 4444 statim
1210 4375 1254 4444 ab
1279 4376 1376 4445 initio
