3022 4852
675 383 777 444 vrrs.
1221 383 1264 448 67

172 539 232 602 sed
250 538 359 600 lorum
375 535 574 611 insederant,
589 534 674 598 Pan.
689 556 721 599 c.
739 550 882 599 xxxiv.
898 536 979 618 qnin
993 537 1095 603 immo
1107 538 1137 602 si
1151 538 1263 601 memi-

171 636 485 712 nerimus-Massam
502 655 521 697 a
536 635 660 698 Tacito
676 635 760 699 inter
782 655 904 700 causas
924 637 1096 713 malorum,
1112 658 1189 722 quae
1210 636 1263 700 his

172 732 382 818 teuiporibus
407 736 562 811 tulerunt,
589 737 773 798 recenseri:
796 754 848 798 nne
870 735 1004 799 minime
1030 737 1263 816 dubitabimua

171 838 253 918 quin
268 836 382 899 statim
398 835 612 898 Domitianus
626 835 755 899 noverit
764 835 981 904 Senecionem
995 836 1188 917 impietatis,
1199 840 1222 900 i.
1232 859 1264 905 e.

170 938 204 1000 in
229 957 266 1000 se
289 935 436 999 criminis
460 940 665 1010 accusatum,
689 940 789 1017 atquo
811 937 968 999 continuo
988 939 1122 1001 eumad
1145 958 1264 1020 poenas

172 1036 323 1111 traxerit,
340 1054 404 1098 nec
419 1034 461 1097 ad
476 1035 665 1116 proximum
681 1033 843 1099 distulerit
858 1054 987 1100 annum.
1032 1037 1138 1118 Igitur
1153 1046 1188 1106 et
1201 1039 1265 1104 hoc

172 1156 227 1200 an.
244 1134 450 1198 Ghrrxcru.
465 1133 658 1215 philosophi
669 1133 799 1198 luerunt
818 1135 962 1216 expulsi,
978 1156 1018 1200 ac
1034 1139 1165 1204 Plinius
1179 1159 1264 1221 prae·

171 1244 278 1306 turam
294 1235 408 1316 gessit.
437 1250 477 1295 11.
493 1233 625 1296 Plinius
640 1234 805 1314 relegatis,
820 1253 894 1297 cum
911 1241 1000 1298 esset
1014 1245 1146 1318 praetor,
1163 1258 1264 1302 annu·

173 1345 278 1400 merat
297 1334 361 1416 Ep.
383 1350 442 1397 111.
463 1331 518 1397 ll.
539 1354 604 1397 non
625 1333 726 1398 modo
741 1333 888 1410 Arriam,
905 1335 1144 1420 Fanniamque,
1158 1338 1265 1423 (illius

172 1437 286 1512 filiam,
301 1441 336 1498 ut
348 1454 425 1517 sup.
438 1435 547 1499 adan.
560 1434 758 1499 Ghrrnxvr.
772 1454 849 1517 quae
862 1435 948 1499 adeo
960 1457 1047 1501 nnnc
1060 1441 1156 1502 tertio
1166 1458 1266 1521 prop·

171 1545 221 1602 ter
233 1538 385 1600 maritum
402 1536 558 1616 relegata,
568 1535 633 1616 Ep.
650 1551 717 1618 vlt.
730 1532 801 1617 19.)
815 1535 873 1598 sed
890 1543 925 1599 et
939 1536 1116 1602 Gratillam
1130 1537 1265 1602 Rustici

172 1633 357 1720 conjugem,
372 1635 438 1718 Ep.
456 1653 491 1696 v.
506 1635 537 1698 1.
554 1654 629 1718 quae
640 1634 778 1716 proinde
791 1635 907 1698 eodem
919 1642 1068 1718 tempore
1079 1639 1113 1700 in
1125 1638 1265 1702 exilium

172 1738 289 1812 missa,
316 1755 383 1819 quo
409 1736 549 1801 maritus
572 1736 614 1798 ad
639 1753 753 1800 necem
781 1735 977 1812 destinatus,
1000 1738 1071 1801 scil.
1086 1758 1165 1800 mox
1186 1743 1267 1820 post

172 1835 346 1918 Agricolae
361 1836 502 1911 obitum,
517 1854 582 1898 non
599 1855 697 1899 secus
714 1854 754 1898 ac
770 1835 850 1899 illae.
895 1835 994 1900 Unde
1017 1845 1069 1900 est
1092 1839 1184 1920 quod
1199 1838 1266 1902 Ta-

172 1938 259 2000 citus
287 1937 415 2013 scribit,
440 1936 632 2016 Agricolam
656 1941 743 1998 ‘non
762 1934 890 1998 vidisse
912 1940 963 1999 tot
986 1937 1267 2000 nobilissimarum

172 2037 380 2102 foeminarum
410 2035 514 2098 exilia
540 2042 575 2097 et
595 2034 713 2116 fugas!
737 2035 887 2098 ¹Deinde
914 2055 992 2099 vero
1013 2035 1077 2117 Ep.
1094 2039 1131 2100 vj
1151 2036 1183 2099 1.
1204 2055 1266 2100 uos

173 2137 287 2214 docet,
308 2155 351 2199 ex
373 2156 440 2219 quo
455 2136 599 2200 Gratilla
622 2137 765 2199 moriens
786 2136 934 2216 legatum
949 2135 1061 2199 Plinio
1078 2137 1265 2220 reliquerat,

172 2239 271 2320 isque
282 2237 392 2300 omnia
401 2242 613 2319 usucaperat,
620 2235 866 2319 jam‘biennium
879 2237 1037 2299 transisse
1047 2256 1057 2316 3
1069 2256 1144 2300 cum
1158 2244 1267 2300 tamen

173 2337 390 2401 Domitianus
406 2336 513 2400 adhuc
528 2336 605 2399 dum
618 2342 784 2418 superstes
799 2341 900 2400 esset.
936 2336 1025 2399 Nam
1043 2337 1144 2400 Plinii
1156 2336 1265 2408 cohae-

172 2438 268 2501 redes
283 2456 481 2519 componere
493 2456 568 2500 cum
584 2435 735 2499 Assudio
748 2435 893 2499 Curiano
905 2435 1059 2500 Gratillae
1073 2437 1142 2500 filio
1152 2437 1266 2502 exhae-

173 2539 288 2603 redato
311 2537 502 2619 cupiebant,
525 2555 593 2599 non
615 2535 797 2599 diffidentia
811 2554 937 2611 causae,
961 2536 1018 2598 sed
1036 2539 1125 2606 metu
1140 2541 1267 2618 tempo·

174 2658 257 2714 rum,
270 2644 303 2700 et
314 2637 396 2720 quia
410 2637 614 2713 verebantur,
626 2636 718 2719 quod
736 2636 894 2699 videbant
903 2637 1020 2706 multis
1031 2635 1210 2714 accidisse,
1222 2656 1266 2701 ne

175 2759 218 2802 ex
250 2737 484 2810 centumvirali
499 2735 631 2817 judicio
655 2736 777 2817 capitis
803 2735 849 2797 rei
876 2735 1014 2798 exirent.
1059 2734 1146 2811 Quae
1166 2736 1266 2816 plane

175 2838 360 2902 Domitiani
382 2832 604 2919 principatum
628 2835 869 2900 demonstrant.
914 2834 1019 2916 Igitur
1034 2854 1108 2898 curn
1130 2835 1194 2899 hoc
1210 2855 1265 2900 ne·

176 2939 306 3020 gotium
330 2937 414 3002 inter
430 2936 583 3000 Gratillae
603 2935 708 2999 filium
731 2942 765 2999 et
787 2935 937 3000 haeredes
959 2935 1164 3017 aliquamdiu
1188 2957 1267 3021 pro·

174 3045 316 3102 tractum
344 3056 386 3100 ex
408 3037 526 3114 Nostri
553 3037 741 3100 narratione
765 3036 932 3114 videatur3
963 3019 1024 3099 nec
1048 3036 1137 3100 idem
1160 3039 1266 3102 serius

97 3163 101 3170 ·
175 3157 276 3220 quam
291 3136 401 3200 medio
415 3156 467 3200 an.
491 3137 566 3200 Chr.
584 3152 690 3198 xcvr.
705 3135 804 3198 istius
818 3133 988 3215 Principis
1003 3135 1181 3198 emortuali
1197 3137 1266 3216 agi-

175 3245 280 3302 tatum
296 3237 365 3300 dici
375 3243 496 3320 queat3
519 3236 596 3302 hinc
612 3235 773 3316 sequitur,
795 3233 877 3298 illud
890 3233 1064 3310 ¹biennium
1079 3241 1160 3296 tuno
1176 3254 1265 3298 com·

175 3340 313 3422 pletum,
338 3338 367 3401 si
393 3336 520 3400 abhoc
548 3342 692 3417 tempore
715 3340 802 3408 retro
828 3337 1049 3417 computetur,
1073 3333 1185 3398 medio
1212 3351 1267 3400 au.

177 3439 375 3503 Chartam.
394 3438 523 3502 initium
544 3455 682 3513 sumere,
702 3440 804 3518 atque
824 3444 893 3500 tnm
910 3434 1087 3508 Gratillam
1102 3434 1175 3517 jam
1188 3438 1267 3508 -rita

151 3575 154 3584 ·
175 3540 344 3618 functam3
368 3557 495 3602 necnon
510 3544 609 3602 antea
631 3537 812 3618 relegatam
825 3538 941 3601 fuisse.
977 3536 1031 3600 Ita
1049 3541 1085 3599 ut
1105 3537 1205 3602 facilc
1223 3539 1266 3601 ad

179 3640 307 3702 exitum
324 3658 379 3704 an.
393 3638 471 3703 Chr.
488 3652 600 3701 xoru.
615 3637 829 3714 deducamur,
846 3637 977 3701 etiamsi
991 3656 1121 3720 paucos
1137 3643 1265 3700 tantum

177 3758 311 3804 menses
327 3740 370 3802 ab
379 3738 473 3802 initio
486 3739 580 3812 exilii
591 3737 740 3802 Gratillae
752 3737 796 3800 ad
805 3737 952 3819 ejusdem
962 3737 1100 3814 obitum,
1114 3756 1154 3801 ac
1164 3737 1265 3798 bono·

177 3858 250 3901 rum
266 3839 376 3902 Plinio
392 3839 581 3902 relictorum
597 3839 834 3920 usucapionem
850 3837 967 3919 lapsos
990 3854 1265 3919 supponeremus.

159 3938 307 4003 'Verum
325 3941 403 4004 hinc
416 3940 536 4005 saltam
552 3946 694 4015 constet,
712 3939 814 4002 Plinii
827 3942 1004 4021 praeturam
1017 3936 1108 4000 haud
1125 3932 1264 4003 inferius

178 4061 276 4125 qnam
286 4061 338 4105 an.
351 4040 426 4105 Chr.
439 4056 544 4104 xorv.
559 4041 703 4123 protrahi
712 4059 822 4122 posse.
846 4056 903 4102 111.
916 4038 1138 4102 Philostratus
1151 4043 1266 4101 auctor

179 4148 239 4214 est,
255 4141 470 4225 Apollonium¹
483 4143 616 4206 venisse
625 4140 780 4217 Romam,
795 4139 1004 4224 philosophis
1017 4136 1121 4202 modo.
1131 4140 1174 4203 ab
1186 4139 1264 4204 urbe
