3088 4848
537 405 818 461 renueremus.
864 407 888 455 ι.
909 389 963 454 66.
1236 391 1307 455 301“

203 549 283 616 lom
306 549 405 614 toties
430 548 607 632 procedere
632 549 666 612 in
693 555 810 626 rostra,
833 547 1109 630 inescensumque
1134 550 1227 614 illum
1243 569 1299 614 su·

203 653 329 736 perbiae
344 651 533 734 principum
550 651 661 714 locum
677 641 823 716 tereret·
846 651 899 714 hic
913 649 1092 732 suscipere,
1109 650 1163 714 hie
1179 669 1300 733 ponere

202 753 439 832 magistratus;
463 771 562 832 quarn
579 751 712 831 dignum
730 760 773 828 te,
791 771 958 834 quamque
974 751 1142 814 diversum
1157 770 1297 816 consue-

204 853 316 915 tudine
336 853 477 928 illorum,
493 855 551 936 qui
574 855 726 936 pauculis
751 849 897 917 diebus¹¹
922 861 1052 933 gestum
1076 851 1300 928 consulatum,

204 955 305 1017 immo
321 973 385 1016 non
401 951 549 1035 gestum,l
576 955 779 1037 atrjiciebant
805 975 861 1037 per
880 953 1038 1017 edictum.
1083 953 1117 1014 4.
1143 951 1222 1015 Hoc
1236 971 1299 1034 pro

204 1055 397 1131 concione,ln
413 1074 471 1138 pro
495 1056 620 1131 rostris,
640 1075 701 1137 pro
720 1054 959 1137 jurejurand03
984 1053 1115 1116 scilicet
1131 1060 1168 1118 ut
1182 1054 1299 1134 primis

205 1154 356 1216 extrema
385 1160 607 1236 congruerent,
631 1165 734 1238 utque
759 1155 823 1218 hoc
853 1155 926 1218 solo
951 1154 1206 1236 intelligerentur
1232 1153 1300 1236 ipsi

204 1254 361 1317 consules
376 1255 490 1331 fuisse,
505 1257 594 1338 quod
608 1255 668 1319 alii
685 1275 748 1318 non
764 1255 912 1320 luissent.

246 1355 335 1419 Cur.
355 1371 463 1419 uxvr.
507 1358 539 1418 1.
555 1356 635 1419 Non
651 1356 843 1432 transiliri‚¹¹
863 1356 983 1420 Patres
995 1354 1198 1440 Conscripti‚
1212 1357 1300 1439 prin-

204 1455 291 1538 cipis
319 1459 425 1520 nostri
453 1459 692 1537 consulatum
722 1457 781 1520 sed
811 1457 953 1520 eundem
975 1458 1008 1520 in
1033 1457 1145 1520 locum
1170 1459 1300 1522 contuli

203 1558 361 1640 quicquid
376 1558 418 1621 de
434 1559 653 1642 jurejurando
676 1559 854 1622 dicendum
877 1566 961 1622 erat.
1006 1557 1127 1640 Neque
1147 1558 1246 1634 enim,
1263 1567 1300 1623 ut

202 1661 237 1722 in
253 1660 358 1723 sterili
377 1660 560 1744 jejunaque
582 1663 733 1737 materia,
756 1661 894 1724 eandem
918 1661 1064 1742 speeiem
1079 1657 1298 1722 laudisdidu-

202 1779 278 1823 cere
295 1779 336 1824 ac
353 1781 520 1844 spargere,
535 1771 637 1844 etque
654 1761 832 1826 identidem
847 1770 999 1837 tractare,
1015 1761 1184 1822 debemus.
1204 1758 1227 1821 2
1252 1757 1299 1822 Il-

159 1912 175 1916 ..
197 1861 334 1926 luxerat
343 1865 471 1946 primus
482 1863 677 1928 consulatus
688 1863 736 1926 tui
747 1862 829 1941 dies,
842 1881 909 1946 quo
919 1870 954 1926 tu
968 1862 1091 1924 curiam
1102 1860 1300 1940 ingressus,⁰

235 2049 247 2074 ⁰
262 2043 351 2092 heum
361 2044 388 2094 ur
398 2059 466 2108 quem
474 2050 544 2094 enter
555 2044 647 2112 ruperti
657 2043 779 2109 principer
788 2060 835 2095 neu
845 2046 1007 2096 ostenderent.

658 2186 841 2208 noctemve(
854 2167 857 2180 μ

200 2282 360 2332 iuodseensum
371 2285 455 2342 illum:
474 2285 645 2336 Schwerzien.
664 2287 811 2336 inaccensum
822 2287 889 2336 iilum
897 2302 907 2345 ,·
924 2287 1017 2336 Peter.
1036 2285 1099 2336 Exc.
1113 2286 1188 2335 Voss.
1200 2289 1228 2334 et
1238 2280 1298 2333 edd.

201 2347 305 2396 Puteol.
318 2349 440 2398 Beroald.
451 2349 510 2398 Ald.
523 2352 641 2415 Rhennn.
651 2359 678 2400 et
691 2353 755 2400 Ner.
767 2352 1030 2414 inosseusumqueillum
1037 2366 1047 2408 ,·
1059 2353 1092 2400 st.
1101 2351 1127 2400 iu
1136 2363 1300 2410 docturumque

200 2411 276 2460 illum.
310 2413 376 2460 Vide
395 2415 471 2462 Nott.
491 2416 567 2462 Verr.
592 2418 665 2464 iocum
685 2423 765 2477 tenere,
782 2417 875 2464 Vener.
895 2419 918 2462 1.
942 2417 1014 2463 lecum
1032 2420 1095 2463 terre
1114 2415 1155 2474 ed.
1174 2412 1298 2463 Bereetd.

197 2489 268 2538 quom
279 2475 398 2536 dignitate
410 2494 523 2540 quemque
533 2481 556 2527 d.
568 2481 730 2527 consuetudini
741 2480 799 2527 cod.
809 2479 940 2528 Schwerz.
957 2478 1120 2526 consuetudini
1132 2477 1208 2526 lubet
1219 2477 1297 2526 etiem

200 2539 293 2588 Salisb.
317 2541 360 2588 elii
370 2542 460 2590 ciebant
470 2557 512 2603 per
523 2544 624 2590 edictum
635 2543 853 2592 Sentianum-e
870 2541 925 2589 Hor
934 2555 977 2602 pro
994 2541 1031 2588 irie
1047 2541 1156 2588 concione
1173 2541 1215 2588 ed.
1233 2540 1298 2588 Cus-

199 2604 253 2664 pin.
277 2603 332 2650 Hoc
341 2605 372 2651 iis
382 2620 424 2665 pro
435 2603 619 2654 concinue‘Eto.
631 2608 699 2655 Sunt.
718 2605 773 2654 Hoc
782 2621 825 2666 pro
835 2605 952 2664 concione,
960 2606 1002 2651 itoe
1011 2617 1054 2665 pro
1065 2603 1160 2664 restite,
1171 2606 1212 2665 tre.
1223 2602 1298 2652 codd.

200 2665 297 2714 Vetat.
309 2676 334 2714 et
346 2668 457 2730 Guelplr.
489 2671 562 2723 Mox,
573 2670 734 2730 intelligerent
746 2669 804 2716 edd.
821 2671 929 2717 Snimur.
941 2677 968 2714 et
979 2667 1074 2730 Ultrej.
1098 2668 1159 2730 quod
1175 2667 1219 2715 elii
1231 2665 1298 2725 suis·

198 2735 252 2779 seut
269 2729 328 2778 edd.
344 2729 457 2792 Berueg.
478 2740 504 2780 et
523 2733 607 2782 lleck.
633 2735 692 2796 quod
711 2733 770 2796 ipris
786 2733 916 2794 consulibus
935 2731 979 2780 olii
994 2733 1099 2779 eonsules
1108 2731 1213 2790 fuissent
1230 2731 1299 2793 conj.

199 2793 280 2842 Belrr.
292 2802 319 2842 et
329 2793 366 2842 sic
376 2795 415 2842 ed.
428 2797 530 2844 (leden.

232 2857 299 2906 Cur.
310 2869 383 2909 nxvr.
419 2863 432 2906 l
451 2860 506 2907 Non
518 2859 630 2907 transitui
641 2859 715 2908 codd,
728 2858 823 2907 vener.
834 2861 859 2907 1.
871 2861 896 2906 2.
907 2857 999 2907 Sulisls.
1012 2864 1038 2906 et
1050 2857 1221 2906 Sclrwereian.
1239 2855 1296 2904 Nou

200 2922 304 2970 trurieiiii
316 2923 429 2986 Guelph.
441 2932 467 2973 et
479 2925 581 2988 quidum
594 2925 668 2972 Vati.
703 2925 774 2984 Mox,
785 2923 907 2971 dicendum
912 2922 996 2983 suerat
1008 2925 1065 2972 cod.
1080 2923 1164 2978 Paris.
1185 2923 1298 2970 deducere

199 3000 348 3048 respergere
359 2987 461 3052 plurimi
472 2984 548 3038 codd.
560 2999 587 3038 et
600 2989 659 3038 edd.
683 2994 753 3052 etque
762 2988 779 3038 i.
791 2991 896 3050 opertere
912 2987 1019 3037 debemus
1028 2986 1085 3038 cod.
1099 2988 1231 3037 Pario—2
1243 2985 1298 3056 Veg

699 3152 807 3202 NOTAE

232 3255 369 3305 kl’truculir
380 3256 471 3320 dutus]
484 3258 659 3308 Domitianum
670 3271 726 3306 eer-
799 3265 811 3290 ⁰
834 3258 891 3308 Nou
912 3255 1043 3318 transiliri]
1060 3253 1176 3309 etenim,
1196 3253 1296 3318 inquiet

200 3334 248 3395 pit,
272 3333 325 3396 qui,
345 3339 373 3382 ut
391 3333 473 3382 refert
495 3335 601 3385 sueton.
619 3336 726 3382 ‘omnes
745 3333 871 3398 „eliquim
889 3333 951 3382 setis
969 3333 1050 3381 inulte
1069 3331 1102 3382 de
1114 3331 1295 3395 jurejurando,

200 3409 345 3456 consulatus
364 3401 438 3471 piene
456 3411 532 3460 titulo
550 3421 624 3460 tenus
636 3409 726 3472 gessit,
767 3409 834 3474 quod
845 3410 969 3473 Trejsnns
982 3418 1008 3458 et
1023 3409 1107 3458 iniens
1123 3409 1295 3471 contutatum,

199 3497 247 3532 nec
260 3499 403 3548 quenquam
415 3486 482 3549 ultre
493 3486 551 3535 Kut.
565 3487 658 3548 Meles,
670 3486 726 3549 plu·
767 3495 794 3536 et
807 3500 837 3535 eo
849 3487 978 3536 excedens
990 3486 1124 3550 prestitit.
1148 3485 1252 3535 Nihilne
1262 3485 1294 3535 de

201 3575 241 3608 res
253 3561 283 3607 ad
296 3560 358 3609 Idus
371 3577 450 3626 usque
462 3562 618 3612 taurianas!
767 3563 905 3628 interjecto
925 3564 993 3612 inter
1010 3570 1147 3625 utrumque
1166 3570 1295 3624 tempore,

232 3633 325 3694 ¹‚Irumo
333 3637 490 3700 congestum]
502 3639 569 3689 Quia
578 3641 639 3688 nihil
651 3641 725 3703 plane
767 3641 793 3689 id
811 3648 860 3700 est,
872 3639 904 3689 de
922 3640 977 3701 ipso
991 3638 1045 3701 ejus
1063 3638 1198 3686 consulatu
1210 3637 1294 3685 dictu·

199 3711 303 3774 dignum
316 3715 450 3760 consutam
461 3715 591 3774 gessisset.
767 3731 809 3764 rus
821 3717 866 3764 ee?
897 3715 972 3764 >Nihil
984 3715 1192 3776 pretermittam,
1208 3712 1294 3775 inquit

232 3797 250 3820 ”¹
268 3787 503 3852 Hoeprceoueiene]
523 3790 643 3838 Edictum
661 3787 724 3837 illud
766 3791 876 3850 Plinius,
889 3788 933 3836 sed
947 3802 977 3836 eo
989 3787 1038 3836 loci
1050 3784 1234 3835 conterendum
1248 3786 1294 3833 mi·

200 3877 247 3928 per
266 3863 410 3925 superbiam
425 3865 514 3919 letum,
531 3879 582 3926 quo
598 3863 726 3924 signitica-
766 3865 790 3914 lri
810 3865 890 3913 visum
909 3872 960 3924 est,
976 3862 1098 3928 quicquid
1116 3861 1148 3910 ed
1161 3860 1292 3924 jusjuran-

199 3939 244 3988 bnt
257 3951 285 3986 se
296 3937 367 3986 autre
377 3941 535 4002 magistratu,
544 3933 599 3987 eret
611 3941 635 3988 ei
645 3941 726 3988 instar
766 3941 826 3988 dum
839 3939 997 4002 pertinebat.

200 4017 322 4075 omnium,
341 4014 365 4061 id
386 4022 433 4068 est,
455 4017 534 4063 instar
555 4015 685 4064 concionis
699 4023 725 4064 et
797 4022 809 4048 ⁰
829 4015 926 4063 Curiam
945 4011 1079 4076 ingressus]
1096 4011 1190 4062 Consul
1208 4011 1291 4072 primo

196 4089 348 4154 juramenti,
359 4089 426 4152 quod
446 4090 486 4138 elii
504 4091 620 4138 eonsules
637 4090 662 4138 iu
680 4091 725 4138 ltn-
766 4093 932 4154 magistratus
946 4094 984 4140 sui
997 4093 1046 4146 die,
1059 4089 1084 4136 id
1097 4097 1146 4152 est,
1160 4089 1218 4138 Kel.
1230 4090 1291 4140 Jen.

196 4166 309 4231 jusmodi
336 4165 450 4216 discessu
479 4166 597 4230 religiose
622 4167 725 4216 emitte·
766 4166 1149 4218 irabebetiucurieoretiouem
1167 4167 1199 4214 ed
1218 4179 1292 4216 seue-

202 4242 273 4293 lreut.
767 4251 829 4296 tum.
868 4245 877 4275 ‘
887 4243 979 4296 Cirrie’
1001 4251 1087 4294 eutem
1113 4242 1202 4295 ‘lectu
1224 4248 1294 4307 ertu,
1389 4303 1394 4306 ,
