3022 4852
223 361 267 424 72
448 439 452 445 Ι
492 375 525 422 c.
548 373 668 422 norun
694 373 842 422 οιιοιιιι
868 375 1032 424 sncunnr

269 514 461 578 Martialem
475 513 550 598 (qui
565 535 640 580 vere
656 515 755 598 hujus
770 533 822 576 au.
838 527 872 596 ut
889 515 968 579 alibi
990 515 1263 594 demonstramus,
1277 516 1312 582 in

225 616 367 697 patriam
380 613 488 694 rediit)
502 618 713 698 prosequitur
724 615 858 678 Plinius
874 617 997 680 viatico
1014 616 1232 694 secedentem,
1248 620 1312 700 Ep.

227 733 284 780 ιιι.
299 716 352 779 21.

268 815 443 895 Virginius
474 815 585 879 Rufus
612 815 729 880 Nostri
753 822 851 892 tutor,
875 818 995 898 quiex
1020 819 1173 882 omnibus
1200 819 1311 884 Pastis

226 916 307 980 Cos.
326 931 386 978 ιιι.
403 935 478 980 curn
493 916 607 979 Nerva
627 916 708 980 Cos.
727 919 850 998 pariter
864 931 921 980 ιιι.
936 917 1021 980 hunc
1038 920 1167 1000 aperuit
1181 938 1313 994 aunum,

223 1028 325 1080 ‘cum
357 1035 471 1079 vocem
499 1023 712 1097 praepararet,
739 1026 873 1080 acturus
901 1018 934 1079 io
969 1019 1145 1081 consulatu
1170 1021 1313 1101 principi

225 1119 360 1198 gratias,
376 1115 509 1191 cecidit,
525 1135 712 1198 coxamque
736 1117 856 1197 sregit3
879 1137 955 1200 qnae
979 1137 1094 1199 parum
1115 1127 1192 1200 apte
1213 1121 1315 1183 collo·

226 1225 314 1294 cata,
337 1217 520 1279 reluctante
547 1223 655 1294 aetate,
678 1219 765 1281 male
794 1217 901 1280 coiit!
946 1219 1037 1281 Hinc
1059 1237 1166 1282 eausa
1188 1222 1315 1293 mortis,

223 1319 317 1400 cujus
340 1318 471 1381 ‘aditus
487 1317 598 1381 durior
612 1319 829 1401 longiorque,'
854 1319 916 1400 Ep.
938 1334 981 1380 11.
1000 1319 1032 1381 1.
1076 1317 1175 1382 Adeo
1193 1326 1227 1383 ut
1241 1320 1314 1399 ejus

126 1472 128 1478 s
225 1419 337 1482 obitus
351 1420 393 1483 ad
405 1419 504 1501 hujus
520 1438 575 1483 an.
591 1420 787 1501 principium
805 1419 917 1482 referri
933 1428 1086 1501 nequeat.
1126 1420 1231 1482 lmmo
1242 1420 1312 1502 jann

222 1521 412 1600 perfunctus
429 1527 500 1582 erat
513 1521 610 1583 tertio
626 1521 813 1596 consulatu,
829 1522 900 1601 (qui
917 1528 995 1582 tunc
1012 1521 1172 1600 temporis
1185 1522 1315 1584 solebat

226 1619 393 1682 bimestris
420 1618 526 1700 esse,)
553 1638 628 1682 cnm
659 1618 809 1692 decessit,
836 1619 917 1682 ibid.
960 1617 1059 1681 Unde
1090 1619 1208 1700 patefit
1230 1639 1317 1683 error

226 1717 389 1800 Onupbrii
403 1720 653 1793 existimantis*
674 1738 749 1781 enm
765 1719 800 1780 in
826 1718 999 1781 consulatu
1021 1726 1200 1781 mortuum.
1245 1721 1314 1784 Ne-

226 1839 290 1900 que
307 1825 414 1881 tamen
432 1822 552 1896 verius,
569 1819 659 1902 quod
680 1818 863 1884 Cataueeus
882 1819 922 1881 ad
938 1817 970 1880 h.
985 1819 1010 1880 l.
1025 1825 1187 1910 quinaret,
1205 1820 1315 1902 Virgi-

226 1921 316 1982 oium
335 1922 465 1984 nonnisi
491 1922 675 2002 imperante
694 1918 838 2001 Trojano
856 1918 922 1981 vita
938 1919 1097 1982 functum.
1143 1919 1315 2001 Equidem,

228 2020 355 2084 Nostro
372 2028 472 2096 teste,
495 2023 572 2085 ‘ille
586 2022 720 2102 triginta
733 2021 827 2082 annis
839 2019 954 2100 gloriae
968 2037 1039 2080 sum
1052 2020 1259 2100 supervixit,'
1271 2041 1315 2084 ex

227 2140 296 2202 quo
311 2140 428 2202 nempe
449 2122 623 2202 imperium
639 2119 747 2183 medio
770 2140 822 2206 an.
839 2119 916 2183 Chr.
943 2129 1316 2192 nxv111.recusauerat‚

226 2223 325 2304 pulso
341 2221 495 2296 Vindice,
510 2221 574 2302 Ep.
592 2237 643 2282 vr.
668 2222 718 2282 10.
730 2223 792 2284 dac.
836 2217 883 2282 At
903 2238 979 2283 cum
1000 2219 1183 2284 tricesimus
1198 2223 1317 2285 exinde

231 2342 348 2404 annus,
368 2322 476 2385 medio
491 2324 554 2386 boc
569 2339 627 2384 au.
647 2321 724 2385 Chr.
741 2335 862 2384 xcvrt.
879 2323 1038 2403 coeperit3
1059 2341 1124 2384 non
1139 2323 1319 2385 obstabunt

230 2441 272 2486 oa
289 2423 390 2486 Plinii
406 2425 519 2500 verbu,
534 2424 614 2507 quin
632 2441 782 2486 asserere
804 2423 988 2504 possimus,
1003 2421 1185 2502 Virgiuinm
1202 2415 1319 2488 adulto

229 2525 296 2587 hoc
312 2525 465 2588 audiam
478 2525 613 2588 obiisse.
648 2523 778 2588 Deinde
789 2523 913 2588 Noster
927 2524 1056 2586 omuino
1072 2522 1234 2604 indigitat,
1243 2541 1317 2587 eum

232 2627 294 2690 sub
304 2626 419 2689 eodem
437 2626 587 2708 principe
599 2627 769 2701 denatum,
781 2625 835 2688 cui
850 2625 884 2687 in
900 2625 1074 2687 consolatu
1087 2626 1183 2688 tertio
1195 2628 1319 2705 gratias

232 2729 308 2809 egit,
325 2737 359 2792 et
372 2748 473 2811 qoem
493 2729 636 2791 munaus
659 2727 793 2807 reliquit
813 2725 1021 2790 incolumem.
1066 2723 1190 2787 Verum
1207 2725 1320 2790 Nerva
1340 2797 1342 2802 ,

235 2847 346 2891 mense
359 2828 382 2891 J
385 2829 519 2890 aunario
538 2847 589 2889 an.
612 2827 688 2891 Chr.
706 2842 841 2889 xcvrrr.
857 2845 899 2888 ex
916 2824 1160 2905 probatissimis
1175 2825 1319 2891 historiae

236 2928 457 2990 monumentis
472 2927 647 3008 imperium
662 2945 736 2989 cum
749 2926 818 2988 vita
832 2923 976 3007 reliquit.
999 2923 1105 3004 Igitur
1115 2943 1169 2986 au.
1183 2941 1320 2989 xcvffl.

236 3027 413 3108 Virginius
443 3028 630 3103 defunctus,
660 3047 681 3090 a
709 3027 809 3091 Corn.
840 3024 1122 3089 Tacitocousule
1153 3026 1320 3104 laudatus,

237 3131 415 3212 Plinioque
431 3129 569 3192 defletus
585 3129 647 3192 hac
666 3129 773 3211 Epist.
790 3128 822 3191 l.
839 3128 898 3189 lib.
915 3142 956 3188 ιι.

281 3231 448 3312 Virginius
468 3250 547 3294 vero
568 3232 621 3294 ‘in
646 3231 710 3296 baa
729 3229 909 3294 novissima
935 3226 1118 3290 valetudine
1137 3228 1321 3294 veritusne

235 3333 321 3395 forte
336 3333 419 3392 inter
434 3331 669 3412 quinqueviros
691 3337 869 3405 crearetur,
893 3329 950 3409 qui
972 3327 1155 3390 minuendis
1177 3330 1322 3409 publicis

237 3431 401 3495 sumtibus
410 3431 543 3513 judicio
558 3437 698 3512 senatus
719 3427 1027 3502 constituebantur:
1048 3427 1209 3504 Plinium,
1242 3435 1323 3513 ‘per

237 3548 334 3614 quem
348 3531 579 3594 excusaretur’
602 3531 779 3602 insanam,
796 3530 907 3610 elegit,
921 3532 981 3591 &m
1009 3527 1074 3609 Ep.
1091 3543 1133 3590 11.
1147 3528 1178 3590 1.

281 3631 360 3695 Hoc
378 3632 500 3712 pariter
515 3649 568 3694 an.
583 3632 712 3694 labente
728 3630 891 3698 Corellius
905 3628 1016 3693 Rufus
1034 3629 1156 3692 Nostri
1180 3634 1322 3708 ‘rectoq-

237 3734 407 3814 magister,
434 3733 466 3794 in
489 3731 645 3813 petendis
666 3731 846 3795 bonoribus
870 3729 1087 3810 suffragator,'
1113 3733 1176 3794 duc.
1205 3730 1268 3813 Ep.
1299 3749 1323 3792 r.

237 3837 290 3898 12.
303 3849 353 3896 tv.
370 3834 422 3896 17.
436 3833 592 3909 decessit,
609 3841 642 3897 et
657 3833 790 3916 quidem
805 3838 937 3915 sponte,
952 3850 1027 3894 cum
1043 3831 1249 3912 implevisset
1264 3851 1339 3894 an-.

238 3953 314 3996 num
331 3918 509 4016 septimum
524 3940 557 3996 et
569 3935 822 4016 sexagesimum,
841 3934 902 4016 Ep.
919 3932 1008 3994 1.12.
1045 3931 1082 3994 Is
1092 3933 1191 4008 enim,
1205 3932 1323 3994 Domi-

239 4037 329 4098 tiano
352 4037 423 4117 jam
447 4036 631 4113 interfecto,
662 4037 819 4100 ‘florente
845 4035 962 4115 repub.
992 4053 1130 4097 securus
1154 4032 1325 4118 liberqne'

556 4233 569 4262 ¹
586 4228 719 4278 Commio
732 4227 802 4276 Fast.
815 4229 860 4277 tib.
873 4242 901 4280 ιι.
912 4243 938 4293 p.
947 4231 1006 4280 itt.
