3100 4854
242 321 286 388 78
522 333 556 381 c.
580 329 700 378 rursu
723 331 871 380 cucrmr
896 331 1061 383 sscuuur

391 471 644 555 'Nympharum
660 470 773 548 Pater,
788 472 996 555 amniumque
1012 473 1143 548 Rhene,

415 573 626 654 Quicumque
642 571 818 654 Othrysias
830 573 950 635 bibunt
964 575 1114 655 pruinas,
1127 576 1189 636 &c

413 675 593 756 Trajanum
608 672 746 754 populis
760 673 829 734 suis
843 685 878 734 et
892 673 977 744 urbi,

413 775 528 836 Tibris
542 779 574 834 te
589 771 744 834 domiuus
757 775 862 852 rogat,
876 773 1048 835 remittas!

245 879 413 941 Praeterea
428 874 621 947 Serviauus,
642 875 756 952 (quem
770 871 867 935 modo
883 891 929 935 ex
944 873 1134 954 Spartiano,
1148 874 1180 935 iu
1196 871 1334 938 Germa-

244 979 299 1040 nia
322 975 505 1058 Superiori,
522 972 627 1056 paulo
647 977 727 1052 post
742 970 864 1036 Nervae
886 972 1073 1050 decessum,
1089 974 1218 1036 rexisse
1240 993 1336 1038 exer·

244 1078 359 1150 citum,
375 1075 530 1148 vidimus,
544 1091 708 1154 quemque
722 1089 804 1134 mox
817 1092 883 1134 una
898 1092 974 1136 cum
988 1072 1133 1155 Trajauo
1154 1073 1268 1150 fuisse,
1281 1075 1336 1136 rel

245 1176 363 1239 saltem
377 1175 465 1238 baud
480 1174 578 1254 louge
593 1173 637 1234 ab
652 1191 694 1233 eo
716 1171 881 1247 dissitum,
897 1171 1052 1251 indigitat
1065 1171 1197 1235 Plinius
1212 1173 1278 1255 Ep.
1295 1189 1335 1236 Χ.

243 1276 291 1352 2.)
307 1283 423 1357 postea
437 1275 571 1358 quidem
587 1291 633 1336 ex
647 1270 832 1336 Germania
847 1273 880 1335 iu
897 1273 1110 1336 Pannoniam
1124 1274 1268 1349 transiit,
1283 1273 1335 1335 uti

246 1375 373 1440 Noster
388 1376 489 1439 docet
503 1375 568 1456 Ep.
586 1373 741 1438 vr11.23.
785 1373 853 1437 Sed
880 1375 910 1436 is
933 1373 1013 1436 ibid.
1037 1375 1087 1436 sic
1101 1371 1238 1436 Jnuium
1253 1372 1337 1436 Avi-

244 1486 328 1551 tum,
340 1477 397 1559 qui
411 1477 505 1540 illum
520 1476 668 1554 legatum
679 1479 814 1537 secutus
824 1473 945 1549 suerat,
955 1472 1072 1536 laudat
1083 1474 1128 1536 ob
1139 1473 1337 1555 obsequium

244 1578 409 1641 Serviano
434 1576 642 1657 praestitum
673 1579 710 1635 ut
738 1573 814 1635 iude
838 1573 1051 1637 manifestum
1076 1574 1134 1649 sit,
1157 1573 1336 1656 Trajannm

246 1685 325 1739 tuuc
337 1695 382 1739 ex
396 1674 576 1739 Germania
586 1675 621 1737 iu
637 1673 845 1736 Pannoniam
859 1674 959 1737 simul
973 1693 1039 1736 uon
1055 1674 1216 1736 transisse
1229 1694 1239 1752 ;
1261 1695 1338 1737 cum

246 1776 290 1839 de
305 1777 369 1839 boc
384 1793 519 1858 prorsus
541 1775 652 1851 sileat,
668 1774 757 1858 quod
776 1781 887 1838 tamen
901 1793 967 1863 noa
982 1775 1159 1849 tacuisset,
1175 1774 1337 1854 siquidem

245 1875 350 1941 Avito
365 1877 543 1958 gloriosum
558 1876 690 1939 suisset.

289 1978 410 2060 Itaque
425 1979 592 2061 'l'rajanus
609 1975 799 2040 adhucdum
811 1976 848 2038 in
863 1975 1042 2039 Germania
1066 1981 1100 2039 et
1124 1975 1166 2037 ad
1188 1974 1338 2038 Danubii

247 2079 355 2158 ripam
376 2076 519 2156 degebat
529 2076 596 2139 hoc
611 2094 667 2139 au.
682 2076 760 2139 Chr.
777 2091 890 2139 xcrx.
912 2077 1052 2149 incunte,
1075 2095 1175 2158 quem
1196 2076 1339 2157 ‘privati

247 2174 805 2259 aperueruut,'Pau.c.1.vur.cum
816 2175 1338 2238 illenoluissettertiumiubuuc
1401 2169 1404 2172 ’

248 2297 301 2342 an.
319 2277 465 2357 recipcre
478 2276 696 2352 consulatum,
709 2275 801 2356 quod
823 2279 922 2338 ‘eum
937 2277 1060 2339 absens
1075 2294 1184 2355 gerere
1197 2294 1264 2338 non
1279 2294 1338 2357 po·
1365 2305 1371 2312 ·

249 2373 358 2451 terat,’
378 2375 458 2437 ibid.
483 2393 558 2456 cap.
582 2390 648 2437 cx.
693 2373 792 2438 Unde
818 2375 946 2457 patefit,
961 2375 1145 2457 Trajanum
1172 2394 1231 2456 per
1254 2375 1339 2438 duos

247 2478 374 2560 priores
389 2474 489 2559 hujus
505 2494 563 2538 ans
574 2494 716 2551 mansee,
731 2474 871 2558 (quibus
886 2495 951 2558 pro
966 2475 1059 2538 illius
1074 2476 1233 2556 temporis
1247 2493 1338 2536 more

248 2579 461 2644 consulatum
476 2577 647 2658 gessisset,
662 2577 725 2639 uisi
739 2579 941 2655 recusasset)
963 2576 1076 2640 Roma
1094 2576 1255 2640 abfuisse.

291 2676 346 2740 An
366 2677 467 2759 paulo
484 2683 755 2760 postremoque
777 2683 937 2758 tempore,
956 2671 1072 2739 urbem
1088 2677 1236 2758 petierit,
1251 2675 1339 2738 band

250 2779 383 2843 omuino
407 2783 621 2857 compertum.
665 2776 753 2839 Eum
772 2781 881 2840 tameo
897 2795 951 2839 an.
965 2775 1054 2838 baud
1071 2777 1209 2839 multum
1225 2775 1339 2837 adulto

243 2879 315 2960 jam
340 2877 492 2948 rediisse,
513 2893 556 2938 ex
577 2893 620 2936 eo
643 2874 829 2954 intelligere
850 2875 939 2951 licet,
954 2874 1046 2957 quod
1068 2894 1143 2939 cum
1160 2876 1340 2939 Nestorea

249 2977 436 3051 recitasset,
452 2992 527 3056 quae
542 2973 709 3056 Trajanus
724 2982 802 3057 post
817 2973 1027 3057 adoptionem
1050 2984 1235 3059 peregerat,
1248 2981 1340 3039 autc·

251 3095 349 3160 quam
360 3075 495 3139 tertium
506 3075 693 3156 susciperet
708 3075 928 3152 consulatum,
937 3094 1035 3158 quem
1051 3083 1184 3140 constat
1198 3095 1252 3139 an.
1265 3075 1341 3139 Chr.

252 3197 283 3244 c.
308 3177 387 3243 Kal.
409 3176 489 3241 Jan.
510 3177 669 3254 subiisse,
686 3175 782 3239 dicat
802 3175 888 3238 Pan.
908 3196 986 3260 cap.
1012 3194 1089 3239 cvr.
1111 3177 1276 3240 ‘necdum
1298 3178 1339 3240 de

250 3277 402 3343 biennio'
424 3297 500 3340 esse
515 3278 677 3341 locutum.
721 3276 814 3340 Illud
830 3277 915 3340 enim
931 3278 1111 3356 biennium,
1134 3279 1163 3341 si
1178 3279 1222 3341 ab
1237 3278 1340 3359 adop-

252 3378 353 3442 tionis
370 3384 537 3458 tempore,
560 3377 597 3449 (i.
615 3396 644 3438 e.
668 3396 722 3439 au.
745 3362 964 3440 chr.'xcv11.
988 3386 1132 3442 exeunte
1156 3377 1275 3442 Octob.
1302 3385 1342 3441 ut
1473 3406 1479 3416 ·

251 3476 403 3541 nonnulli
413 3476 539 3550 volunt,
552 3477 606 3539 vel
620 3477 731 3557 potius
746 3477 881 3540 ineunte
898 3477 1065 3543 Novemb.
1078 3486 1115 3541 ut
1127 3479 1249 3542 rectius
1265 3499 1342 3562 pro·

251 3580 314 3642 bat
339 3576 445 3639 Emiu.
479 3574 624 3658 Noris,‘¹)
648 3574 842 3653 deducatur,
867 3579 1069 3659 completum
1095 3578 1259 3643 Novemb.
1284 3597 1339 3642 an.
1372 3609 1378 3612 ·

254 3679 330 3743 Cbr.
348 3692 458 3739 xcix.
473 3673 586 3755 suerit3
609 3694 649 3739 ac
664 3677 803 3758 proinde
818 3678 983 3760 Trajanus
1006 3679 1136 3761 aliquot
1157 3686 1234 3742 ante
1250 3699 1341 3742 men-

254 3780 347 3842 sibus
363 3775 515 3855 redierit3
538 3777 695 3858 quoniam
710 3783 789 3859 post
802 3777 940 3841 reditum
953 3781 1194 3861 quamplurima
1209 3799 1342 3863 perege·

254 3879 307 3956 rit,
336 3877 378 3941 ad
394 3896 471 3960 quoe
498 3876 683 3940 necessarii
708 3877 840 3982 fuerunt
866 3878 997 3960 aliquot
1022 3899 1167 3943 meuses.
1211 3879 1340 3944 Etenim

573 4103 584 4137 ‘¹
602 4105 643 4154 De
653 4103 860 4168 lipom-Syrum.
870 4121 896 4170 p.
908 4110 964 4155 ⁵59.
976 4120 1029 4170 req.
1115 4095 1117 4102 ’
