3088 4848
523 405 808 458 nannornncus.
852 406 878 454 1.
900 391 955 455 te.
1212 391 1279 458 259

180 551 240 618 ille
254 552 389 628 cubilin‚'
405 552 555 636 saevique
568 551 749 630 sterneremus,t
763 552 799 615 in
817 569 903 634 quos
917 549 1045 627 timore,
1059 554 1095 613 et
1107 550 1278 633 snperbia,

181 661 219 720 et
232 652 312 720 odio
326 655 508 732 hominnm,
524 655 697 736 agebatur.
727 655 760 718 2.
777 652 913 730 Quanto
923 670 1011 715 nunc
1026 651 1141 727 tutior,
1151 661 1279 734 quantu

182 756 345 832 securior,
365 756 480 820 endem
500 756 647 835 donnus;
669 759 876 838 poniquam¹²
897 772 965 816 non
985 751 1204 829 crudelitatis,
1219 753 1279 820 ssd

182 857 307 924 amoris
321 857 476 923 excubiis
489 865 523 940 ;v
542 877 608 920 non
621 854 807 921 solitudine
824 860 862 919 et
875 853 1064 931 claustrie,W
1080 852 1139 920 sed
1156 853 1279 920 civium

644 1033 825 1056 mn

184 1175 254 1234 post.
272 1184 321 1233 prc
338 1170 453 1220 divinita
469 1169 581 1233 otrelph.
592 1187 609 1220 a
620 1177 757 1222 maen-et
768 1170 832 1220 ure
842 1169 917 1219 Vorr.
927 1167 1028 1218 babent
1042 1167 1180 1218 ulwurm
1207 1167 1282 1218 non-

183 1235 263 1284 nullae
275 1235 445 1298 qrroqueedd.
461 1236 505 1284 illo
521 1237 668 1298 expellunt,
683 1235 753 1300 qnod
773 1242 858 1284 tamen
877 1247 966 1282 omues
981 1231 1058 1280 codd.
1077 1238 1105 1282 el
1122 1232 1183 1282 edd.
1200 1233 1283 1296 antiq.

184 1299 374 1348 vindicante-2
391 1300 519 1355 anntane
528 1301 605 1349 tutior
615 1299 674 1350 cod.
687 1303 779 1350 Pater.
810 1297 918 1358 Mox‚iu
931 1296 1023 1346 eodem
1033 1296 1093 1346 cod.
1104 1303 1158 1360 post
1172 1295 1223 1357 cire
1235 1308 1283 1346 sort

183 1363 340 1414 mnarum
375 1363 533 1428 ‘Eleganter
553 1365 636 1414 codex
657 1371 747 1416 noster
767 1362 913 1426 posteriora
929 1362 1004 1424 bnjos
1024 1362 1125 1424 periodi
1145 1362 1226 1412 verbs
1246 1362 1285 1414 its

184 1428 316 1490 complet:
331 1431 454 1490 postquam
469 1427 520 1489 ejus
530 1444 575 1477 son
584 1430 745 1492 crudelitatis,
763 1429 805 1478 sed
814 1425 1046 1482 werintrudim
1062 1439 1108 1474 ectr
1122 1425 1250 1476 solitudine
1260 1431 1284 1476 et

183 1493 304 1556 cleastris,
314 1493 358 1540 sed
367 1493 454 1540 einim
464 1493 766 1556 comminuerentur.
799 1491 876 1544 Quod
885 1491 1103 1554 complementum
1115 1490 1206 1555 ntique
1217 1491 1285 1539 desi·

184 1556 261 1606 derat
271 1557 435 1606 concinnitas
452 1559 586 1620 orationis,
601 1573 653 1623 qna
670 1556 802 1608 contraris
816 1555 953 1606 contrariis
972 1561 1149 1618 opponantur.
1182 1555 1284 1606 Civium

185 1628 271 1670 notem
281 1620 406 1670 celebritas
417 1623 458 1669 hic
468 1637 514 1684 pro
523 1624 531 1651 ⁴
541 1621 689 1688 frequentia
697 1621 705 1644 '
713 1622 820 1683 dicitnr,
832 1629 912 1686 etque
924 1621 1066 1683 opponitur
1073 1619 1207 1685 solitudini,
1216 1619 1285 1670 lrand

185 1699 262 1736 secus
272 1699 306 1734 ae
315 1686 384 1746 epnd
398 1686 455 1735 Cir.
464 1687 497 1736 sd
508 1686 592 1738 Attie.
604 1701 655 1738 xm.
666 1691 706 1738 13.
718 1689 778 1736 'Me
789 1683 1055 1735 hecsolitudomious
1065 1684 1192 1746 stimulat,
1207 1697 1285 1748 quam

183 1751 237 1800 ists
247 1749 406 1800 celebritas!
425 1751 513 1816 Atque
524 1753 562 1802 nic
574 1754 640 1802 banc
651 1753 790 1804 lectionem
802 1758 875 1801 recte
894 1756 1049 1811 receperunt
1066 1749 1173 1814 Cuspio.
1182 1750 1285 1813 Grypb.

185 1815 342 1876 urps-Geor.
356 1817 513 1864 Friscbmau.
524 1817 610 1868 anlt.
623 1817 739 1866 Patami.
752 1817 832 1865 cero.
857 1816 934 1866 Quod
946 1825 1007 1862 vero
1025 1813 1056 1862 nd
1075 1826 1217 1875 pronomen
1235 1814 1286 1876 ejas

185 1881 293 1942 attinet,
304 1880 372 1942 quod
385 1881 411 1929 in
423 1881 514 1928 eodem
527 1883 585 1930 looo
602 1882 738 1945 particule
752 1885 876 1944 postquem
889 1878 1044 1939 subjicitor3
1061 1878 1159 1926 dudum
1171 1878 1287 1926 animod-

185 1945 265 1992 ssrtit
278 1944 455 2004 Lirineirs‚in
467 1946 533 1995 vitio
541 1959 601 1996 sese
610 1947 743 2000 easerbr,
754 1944 897 2010 quemlibet
909 1942 1074 1991 consentiant
1088 1942 1157 1990 libri.
1191 1941 1229 1990 At
1241 1955 1288 2005 ps·

186 2023 243 2058 rum
253 2007 366 2058 feliciter
377 2023 425 2072 per
436 2009 549 2058 additam
567 2025 658 2059 vocem
674 2012 755 2060 adnm
771 2009 879 2072 explere
892 2007 984 2057 soluit.
1017 2005 1120 2069 Lipsius
1137 2005 1217 2054 ctiam
1235 2007 1287 2054 bae·

186 2071 356 2124 uitabundus:
381 2074 569 2136 ‘Legendnml
584 2075 836 2138 inquinemus·
851 2087 900 2130 eo,-
916 2076 963 2120 ant
973 2071 1066 2120 rocula
1085 2070 1288 2126 decrementum

185 2137 245 2198 eins,
253 2136 363 2186 utinen!
397 2139 515 2187 Candide
526 2139 559 2188 de
571 2139 610 2187 bis
622 2139 777 2188 emendandi
789 2136 933 2186 rationibus
944 2135 1077 2184 Bandins:
1096 2135 1149 2184 ‘Ut
1158 2132 1241 2196 Jcti,·
1249 2135 1289 2183 io·

187 2201 254 2266 quit,
264 2203 335 2250 ‘sine
347 2201 420 2265 legc3
437 2203 474 2251 ita
483 2217 530 2252 nos
541 2205 596 2252 sine
609 2205 766 2252 acetositate
777 2202 953 2251 erubescimus
964 2198 1054 2264 loqui!
1085 2197 1177 2248 Codex
1188 2205 1288 2254 noster,

186 2273 290 2315 tantum
303 2267 375 2315 abest
393 2274 424 2314 ut
435 2281 483 2315 nos
496 2268 539 2317 bic
551 2269 639 2332 joret.
655 2275 685 2316 nt
705 2282 752 2331 pro
769 2273 891 2330 pestem
901 2267 961 2328 qus,
979 2271 1105 2326 corrupte
1122 2262 1221 2313 reternt
1234 2267 1290 2327 post

186 2330 252 2391 eins.-
268 2331 317 2379 nisi
331 2345 363 2380 eo
374 2332 431 2392 ipso
441 2333 612 2394 suspicionem
623 2333 718 2388 firmet,
730 2332 857 2380 excidisse
867 2331 981 2381 nonnihil
993 2345 1026 2379 ex
1035 2329 1086 2378 isto
1102 2329 1168 2378 loeo.
1202 2327 1240 2377 At
1252 2329 1291 2377 sl·

187 2402 275 2444 terum
286 2397 421 2460 exemplar
430 2397 579 2448 Gudiaourn
592 2411 639 2460 pro
648 2403 781 2460 postquem,
792 2397 817 2444 in
827 2396 945 2458 margine
956 2395 1035 2443 babet
1046 2407 1125 2456 mm,
1137 2387 1292 2456 pronomiu'e‘

187 2459 326 2522 ejuplnne
335 2461 439 2516 omisso.
449 2463 518 2510 bone
533 2463 562 2511 iu
573 2462 676 2510 modurn
686 2479 695 2510 r
707 2463 802 2516 Quanto
814 2475 875 2508 nanc
886 2461 972 2522 latior,
988 2459 1198 2522 munerarier,
1209 2459 1290 2506 endem

187 2525 289 2583 &marr
303 2539 373 2589 psam
383 2539 430 2574 non
440 2528 599 2586 meditatis,
609 2528 651 2574 sed
661 2527 752 2574 meroris
762 2525 878 2584 mne,
886 2527 927 2585 ne.
961 2525 1030 2574 Quae
1045 2522 1202 2583 emendatio,
1211 2523 1234 2570 si
1245 2532 1290 2570 nu·

188 2589 311 2652 tiquloris
322 2589 419 2638 codicis
432 2591 591 2640 anctoritate
608 2605 636 2638 ae
654 2597 767 2650 tueatur,
781 2589 847 2637 bene
865 2592 991 2651 recteque
1010 2601 1039 2635 se
1056 2583 1154 2634 nabet:
1170 2585 1290 2634 delum

188 2653 260 2703 ‘Hie
271 2654 322 2702 tibi
332 2652 477 2717 subscribo,
487 2655 537 2702 nisi
547 2654 616 2717 qood
627 2667 676 2716 pro
686 2653 736 2712 ejas
747 2653 893 2700 rescribere
902 2652 953 2700 tais
966 2648 1067 2714 gestio!
1082 2649 1203 2698 Banasa.
1220 2649 1290 2699 ‘Ae-

189 2715 241 2766 itrr
261 2717 313 2778 einr
330 2717 453 2778 explebat
468 2733 572 2782 quoque
591 2716 720 2766 Abramns
738 2715 771 2764 ad
789 2715 924 2764 Cicl’bil.
942 2729 974 2764 ιι.
991 2719 1032 2766 nt.
1055 2717 1178 2774 postquam
1199 2727 1227 2763 co
1245 2727 1291 2761 ex·

189 2783 286 2845 pressit
297 2781 378 2830 Ernd.
390 2780 533 2830 Gesnerus.
571 2782 650 2837 Quam
663 2795 711 2828 aen
726 2781 839 2841 Guelpb.
851 2793 901 2827 nou
915 2780 985 2827 mele
997 2779 1023 2826 id
1040 2777 1155 2842 quidem,
1171 2778 1218 2827 sed
1236 2777 1291 2826 sine
1309 2831 1314 2836 ,

189 2846 245 2894 nlla
265 2845 433 2894 necessitate.
458 2845 515 2895 VV.
530 2847 591 2895 DD.
607 2843 744 2894 offensioni
768 2842 819 2893 init
836 2844 947 2892 innocua
962 2843 1054 2892 rocula
1070 2839 1129 2900 cim,
1148 2849 1175 2890 et
1195 2844 1221 2891 in
1233 2855 1292 2904 per·

190 2909 311 2972 pleniori,
332 2918 361 2958 ttt
382 2915 468 2972 patet,
494 2910 693 2959 constmctione·
712 2908 875 2959 bresitsrnnt.
918 2908 1054 2971 ipsissima
1071 2905 1128 2956 llaec
1147 2912 1187 2955 est
1211 2902 1292 2955 Plinii

190 2987 293 3038 manns,
311 2979 341 3023 tu
356 2975 435 3024 modo
452 2975 503 3037 ejas
518 2983 640 3024 montcue
658 2987 715 3024 eum
733 2973 892 3033 madium,
905 2979 935 3022 et
963 2972 1141 3022 Domitianum.
1156 2969 1294 3036 intellige!

191 3039 280 3089 Amr.
303 3039 372 3088 Vide
384 3039 460 3088 Nott.
474 3040 549 3089 Vsrr.
569 3040 643 3094 Men,
653 3039 709 3088 bac
720 3039 773 3088 tria
782 3039 872 3096 rerba,
880 3039 924 3089 scd
937 3036 1026 3088 avua
1043 3035 1293 3093 cruentatorum

192 3102 220 3150 in
231 3103 288 3152 cod.
299 3103 394 3152 Patav.
406 3110 436 3152 et
445 3104 505 3152 edd.
516 3104 638 3152 Beroald.
649 3102 709 3152 Ald.
722 3103 840 3151 Rbenau.
859 3101 1002 3150 Philomus.
1021 3103 1090 3151 Nar.
1102 3101 1186 3150 Lirin.
1202 3100 1293 3166 Stepln

194 3165 290 3217 Cellnr.
300 3174 328 3218 et
346 3167 481 3218 Borborn.
494 3183 551 3232 quae
567 3170 657 3218 tamen
674 3165 782 3216 serrant
800 3179 889 3218 omnes
901 3165 946 3216 alii
957 3165 1032 3214 codd
1042 3179 1100 3216 com
1113 3163 1174 3214 edd.
1186 3164 1293 3228 cuspin.

687 3328 796 3379 NOTAE

193 3441 259 3492 nibil
275 3442 347 3506 jurii
364 3441 497 3492 divinitus.
549 3439 639 3490 Sintiis
657 3439 723 3488 illnd
762 3437 854 3489 debut.
869 3439 987 3490 Tacitus.
1257 3451 1260 3458 ·

194 3518 359 3568 Enetum.
370 3523 412 3567 os.
426 3519 536 3580 ‘Longe
551 3516 589 3566 illi
601 3517 659 3566 Dea
669 3527 723 3564 mar
796 3523 809 3548 ¹¹
824 3515 955 3579 Peslqnsm
971 3513 1044 3579 [einr]
1060 3513 1297 3567 contemnuere

196 3602 239 3644 ter
257 3593 328 3644 erib'
359 3594 435 3644 Nihil
453 3595 523 3643 enim
542 3593 646 3657 jurant,
665 3607 723 3658 quse
762 3598 820 3642 laer
837 3591 1296 3654 Lips.dsmisns,·eolproe7'nsresti·

195 3671 300 3734 longer
315 3670 428 3720 nobiaet
445 3671 537 3732 procul
552 3671 725 3733 positssout3
765 3669 819 3718 tuit
836 3683 866 3717 es
884 3674 931 3716 aut
947 3673 1023 3717 seran
1058 3668 1140 3718 ceree
1156 3669 1297 3732 aliquatest

195 3757 364 3800 contrusero
380 3750 483 3811 adesse,
496 3747 565 3797 idem
585 3749 727 3811 acjovnre.
766 3745 997 3804 motationeoprs.
1049 3769 1051 3774 ·
1212 3759 1214 3768 s

197 3826 516 3890 nominarentur·
532 3826 602 3875 bello
617 3825 727 3881 Punico,
798 3827 811 3854 v
839 3819 965 3884 Earrbiia]
998 3819 1144 3882 ‘’vigillas''
1161 3827 1296 3871 noeturnae

196 3900 483 3963 'Longeillisunuticae
493 3902 582 3964 artes,’
591 3901 729 3964 decident,
766 3900 829 3946 sont
849 3901 968 3956 tanturm3
995 3894 1145 3945 ‘excubia’
1172 3909 1233 3945 vero
1254 3893 1297 3946 sn'·

197 3977 262 4028 nibil
273 3977 325 4026 illis
335 3974 497 4040 profuerunt.
768 3977 875 4020 muutor
897 3984 952 4033 pro·
966 3970 1090 4020 militibus
1111 3972 1166 4022 sire
1188 3971 1231 4022 die
1251 3983 1298 4022 sen

231 4054 240 4086 t
255 4051 367 4116 Μοῖραι
375 4053 488 4115 secessus]
499 4054 551 4104 bnt
563 4053 728 4103 Domitianus
768 4055 847 4097 nocte
858 4047 885 4100 in
895 4045 1011 4096 statione
1021 4047 1121 4110 positia.

199 4129 270 4180 viros
290 4128 430 4192 principer,
450 4129 524 4190 quasi
545 4130 578 4178 ad
600 4127 729 4178 familiare
803 4134 818 4160 ⁸¹
837 4128 892 4178 Non
911 4125 1219 4192 alimmum-onmem]
1238 4127 1298 4178 Nott

199 4205 730 4270 colloquiumerocntosmtsnprodiximnr
771 4203 919 4254 recessibus
947 4209 976 4251 et
1001 4201 1123 4250 claustris
1148 4205 1256 4268 populos
1282 4217 1299 4255 a

202 4295 260 4347 cap.
272 4289 446 4334 xnvrsrrnot.
462 4278 474 4313 '¹
494 4295 542 4346 per
558 4281 644 4331 dolum
661 4281 729 4332 oeci·
771 4279 894 4346 principis
905 4278 992 4328 limine
1003 4277 1161 4329 aroeutibnn
