3050 4842
467 398 520 450 nn
542 399 825 451 rnunnrnrouu
853 402 987 451 eururr.
1211 389 1277 456 403
1348 381 1352 388 “

550 647 739 700 ExcvusUs
757 647 903 700 XXXVII.

208 809 277 865 (inei
288 823 376 863 xxxv.
386 816 411 863 7.
429 812 495 869 Quor
502 811 595 876 quiden
606 809 814 874 [nocentissimos
825 808 966 873 delatorer]
977 825 1023 860 non
1030 810 1057 862 in
1064 816 1280 878 pretereuntem,

175 896 218 942 aed
228 888 253 942 in
264 899 378 942 oelerunrn
389 892 534 956 repressisti,
551 891 614 941 mille
630 905 750 954 poennrum
768 892 881 954 indagine
898 891 1008 940 inclusor.
1024 889 1064 940 'Io
1077 891 1194 940 omnibus
1205 892 1280 942 libris

177 981 329 1022 constanter
345 973 494 1036 evulgatum
509 978 559 1033 ert,
577 972 640 1020 mille
655 987 785 1034 morum·
819 973 883 1022 Cum
895 972 1100 1038 Observationes
1112 972 1155 1020 has
1166 973 1280 1036 primum

176 1053 323 1118 proderem,
336 1051 392 1114 jam
413 1059 466 1100 turn
486 1051 669 1118 animadverti,
687 1054 712 1100 in
729 1054 814 1101 altero
826 1051 905 1102 Gudii
918 1051 983 1101 libro
996 1066 1043 1116 pro
1055 1051 1119 1100 mille
1130 1057 1280 1102 annotatum

177 1145 237 1180 ense
252 1131 279 1180 in
296 1131 355 1188 itim-
373 1123 490 1194 hancque
510 1131 647 1180 lectionem
668 1129 747 1179 etiam
766 1129 863 1179 indicio
880 1131 939 1180 libri
957 1131 1086 1193 Vosninni,
1098 1131 1214 1195 quamvis
1234 1131 1282 1180 ali-

176 1219 300 1276 qunntum
313 1211 471 1273 obscuriore,
483 1209 610 1273 adjuvari,
621 1224 678 1260 cunr
691 1211 745 1275 ejus
764 1211 872 1274 margini
884 1211 917 1258 rit
931 1211 1074 1274 ascriptum
1091 1210 1118 1260 in
1133 1210 1173 1259 illo
1190 1211 1281 1274 indipi-

176 1305 226 1352 αα,
237 1290 270 1338 ul.
283 1289 391 1351 indigne.
425 1291 461 1340 Et
479 1299 553 1339 certe
572 1289 667 1340 vitione
687 1292 766 1340 etium
784 1291 909 1353 scripturn
929 1296 970 1339 est
987 1291 1013 1338 iu
1030 1291 1121 1340 codice
1141 1291 1281 1355 Patauino,

177 1368 242 1417 mille
256 1381 378 1431 poenurnm
388 1369 487 1431 indigne
496 1368 609 1418 inclusor.
641 1371 720 1420 Nunc
734 1371 849 1432 apertius
867 1369 975 1419 eundern
991 1371 1131 1419 lectionem
1144 1370 1283 1434 proferunt

177 1449 281 1508 codices
299 1445 363 1497 Men.
379 1448 533 1512 Vaticanus,
551 1464 576 1498 n.
588 1453 662 1498 3461.
679 1457 708 1499 et
725 1449 983 1512 Guelpberbytnnus.
1017 1450 1052 1499 Et
1068 1458 1151 1512 certe,
1167 1464 1201 1506 eo,
1216 1449 1282 1500 soci·

176 1529 226 1577 line
246 1527 302 1576 lieri
320 1527 414 1591 potuit,
429 1533 459 1577 nt
475 1532 521 1577 aut
536 1529 600 1577 mille
617 1529 777 1578 scriberetur
790 1544 837 1592 pro
855 1529 882 1578 in
902 1529 956 1592 illc,
975 1537 1020 1578 unt
1037 1529 1064 1578 in
1080 1530 1123 1579 illo
1142 1544 1189 1592 pro
1209 1531 1282 1593 mille,

178 1621 230 1672 quo
242 1606 407 1669 frequentina
418 1607 443 1656 in
456 1609 568 1672 antiquis
580 1608 714 1658 codicibus
733 1625 765 1672 m,
782 1617 827 1659 out
843 1610 879 1666 αι’,
891 1625 939 1673 pro
955 1610 991 1672 in,
1003 1611 1129 1672 scripturn
1141 1611 1283 1661 invenitur.

179 1681 256 1739 Quod
270 1687 287 1735 ii
299 1687 418 1748 ignorare
430 1695 612 1754 non-possunt,
622 1691 666 1754 qui
678 1691 704 1740 in
716 1690 880 1741 excutiendis
892 1691 1020 1754 ejusmoni
1032 1691 1165 1743 codicibus
1177 1707 1283 1742 versan-

178 1773 232 1822 tur,
252 1767 350 1832 quique
370 1768 521 1826 attendunt,
537 1769 564 1818 lu
582 1769 726 1833 antiquiore
746 1771 877 1833 scriptura
899 1770 1011 1820 Gothico
1029 1777 1057 1820 et
1075 1771 1285 1836 Longnbardicn,

176 1847 344 1896 literaeinon
362 1849 446 1898 colere
465 1855 601 1913 punctum,
615 1851 658 1898 vel
674 1856 778 1899 acutum
797 1865 912 1915 superne
928 1851 1032 1915 imponi.
1066 1852 1177 1900 Videtur
1194 1860 1284 1902 autern

178 1926 280 1974 Plinius
291 1926 324 1974 de
337 1927 421 1976 incula
436 1936 509 1978 certa
520 1929 602 1993 loqui,
618 1930 661 1980 cui
674 1929 844 1980 includendos
862 1931 994 1982 delatores
1013 1931 1136 1981 sancierit
1146 1933 1284 1996 Trajnnue.

176 2006 285 2057 Scilicet
297 2008 428 2058 delatorea
440 2009 488 2058 nub
499 2010 549 2059 hoc
560 2009 719 2073 imperatore
731 2011 861 2072 similiter,
874 2026 905 2060 ac
916 2011 1025 2060 Sueten.
1033 2026 1056 2061 c.
1066 2015 1092 2059 8.
1104 2010 1137 2059 d'e
1148 2009 1212 2060 Tito
1219 2012 1285 2060 Ven-

179 2086 286 2148 paciano
303 2094 403 2151 narrat,
415 2088 440 2138 in
452 2087 509 2138 foro
519 2087 630 2140 luctibus
642 2099 670 2140 et
681 2089 790 2154 flagellis
801 2093 872 2154 cnei,
884 2091 978 2141 deindo
995 2106 1042 2154 per
1058 2091 1168 2140 mediam
1184 2093 1284 2155 nnrphi·

179 2165 276 2216 tlrentri
287 2182 391 2217 arenam
405 2169 530 2231 traducti,
542 2184 572 2218 oc
584 2170 689 2219 tandem
701 2171 727 2220 in
738 2172 850 2236 aliquam
861 2171 1157 2235 asperrimanr'inaularn,
1168 2173 1194 2220 in
1207 2188 1285 2236 quarn

178 2247 228 2296 nub
241 2249 357 2311 tyrannia
369 2249 521 2298 innocenter
533 2250 644 2313 relegati
664 2249 777 2308 lucrant,
796 2253 905 2302 navibnr
921 2252 1007 2302 avecti
1020 2251 1100 2301 inisse
1113 2251 1242 2305 ridentur,
1254 2254 1286 2297 nt

179 2327 388 2384 turbaremur,
405 2343 436 2377 nc
447 2327 508 2376 ierne
522 2328 642 2391 indagine
653 2335 681 2378 et
692 2329 792 2378 retibus
808 2329 997 2392 circumpositio
1016 2331 1121 2386 cluniae.
1139 2329 1290 2378 detinerem

180 2411 234 2468 tur,
245 2407 367 2472 exiliique
386 2421 499 2470 poenam,
511 2423 585 2470 quom
598 2408 655 2458 nliie
668 2415 744 2458 antea
755 2417 830 2458 erant
841 2410 991 2471 machinati,
1002 2409 1051 2472 ipsi
1061 2410 1173 2458 luerent.
1206 2409 1287 2457 Dam-
1299 2399 1306 2412 “

179 2485 237 2534 nau
248 2485 368 2534 nimirum
380 2486 543 2548 potissimum
556 2487 581 2534 in
593 2500 689 2549 paruae
700 2488 795 2536 incolae
811 2487 992 2549 ejiciebantur,
1004 2494 1124 2551 tanquam
1136 2487 1169 2535 ad
1182 2502 1285 2551 poenam

165 2565 306 2628 ¹gravioris
325 2566 406 2614 exilii.
440 2566 592 2629 Cujusmodi
613 2566 701 2614 inculte
720 2581 775 2629 prre
793 2567 888 2615 ceteri·
904 2565 1021 2615 celebrer
1038 2566 1113 2615 foere
1130 2566 1243 2629 Gyaros,
1257 2573 1287 2617 et

182 2645 321 2708 Seriphon:
345 2652 452 2709 quirum
465 2646 509 2694 illa
520 2659 571 2694 uun
582 2651 633 2707 eut,
645 2645 813 2708 Cycladibus,
825 2645 937 2708 Caryato
948 2657 975 2694 er
986 2644 1078 2694 Andro
1090 2644 1183 2700 vicino,
1195 2645 1222 2694 iu
1232 2661 1286 2710 que

181 2726 269 2774 mures
280 2722 377 2774 ierr'um
390 2725 518 2789 peredere
534 2725 707 2785 dicebantur5
725 2725 782 2773 haec
794 2737 827 2772 cx
839 2723 1009 2786 Sporadibun.
1042 2719 1120 2772 Unde
1130 2717 1175 2772 h'nn
1187 2723 1286 2775 insulan

182 2812 317 2868 annonae,
333 2812 361 2855 et
377 2805 495 2868 inprimis
513 2805 632 2853 exulibus
648 2811 734 2866 aptas,
750 2803 817 2852 dixit
828 2802 988 2852 scholiastes
1000 2800 1032 2852 nd
1044 2801 1180 2853 iuvenalia
1192 2804 1244 2852 Sat.
1258 2817 1288 2854 x.

183 2888 240 2933 170.
261 2886 315 2934 ‘Ut
336 2885 431 2946 Gyara
451 2886 554 2934 elnotus
575 2884 698 2947 rcopulin,
716 2895 848 2946 paruaque
866 2881 993 2946 Seripho!
1028 2881 1155 2932 conferas
1174 2884 1287 2934 eundem

182 2965 304 3015 Juvenal.
316 2966 373 3014 Sat.
384 2979 406 3014 r.
416 2969 458 3014 ru.
490 2963 573 3013 Sicuti
588 2977 649 3012 vero
663 2963 764 3012 Plinine
776 2962 923 3025 hujusmodi
934 2963 1030 3012 insulas
1046 2963 1148 3014 ennium
1159 2973 1287 3029 μεταφορι-

182 3045 227 3092 nire
239 3059 255 3092 α
272 3059 299 3092 re
311 3045 448 3094 venatoria
459 3049 538 3094 vocat
554 3042 701 3106 indaginem,
719 3042 756 3090 ita
775 3043 896 3104 Flaccus,
914 3044 1041 3106 quondum
1057 3059 1153 3109 praenes
1170 3047 1288 3111 AE'gypti,

183 3122 254 3187 epod
266 3124 412 3186 Philonem,
423 3139 482 3188 pag.
494 3128 552 3175 767.
562 3124 606 3174 ubi
619 3123 728 3186 primum
741 3122 867 3184 Gyarum,
877 3123 919 3172 rel
931 3124 1044 3188 Gyarae,
1055 3126 1169 3174 omnium
1181 3125 1289 3174 sterilli·

183 3204 274 3252 nimam
286 3204 403 3268 insulam,
420 3203 551 3268 deportari
565 3205 654 3267 jussui
672 3210 740 3268 erat,
759 3209 795 3268 nt,
815 3204 975 3268 deprecante
995 3205 1105 3269 Lepido,
1122 3205 1228 3254 tandem
1240 3220 1288 3269 pro

185 3282 280 3346 Gyaris
292 3283 375 3334 Andri
388 3286 539 3348 propinquae
551 3284 728 3347 permutandae
740 3282 893 3332 facultatem
905 3292 998 3343 nectus
1007 3293 1072 3340 erat,
1081 3285 1160 3334 nihilo
1168 3285 1252 3334 minus
1260 3293 1290 3334 et

185 3362 251 3412 bunc
263 3363 374 3412 insulam
386 3379 401 3412 a
414 3363 596 3413 vita'solitariu
608 3371 635 3412 et
652 3362 730 3411 morti
742 3363 871 3411 simillima
884 3370 968 3413 vocnt.
979 3362 1063 3426 τάφος,
1074 3367 1219 3426 sepulcrum:
1239 3364 1289 3423 Τὴν

186 3439 271 3497 νησῖδα
278 3441 379 3506 ταύτην,
394 3443 491 3508 inquil,
501 3441 527 3492 nl
536 3445 589 3505 φῶς
608 3439 706 3505 πότερον
722 3441 907 3506 φνγαδευτήριον
918 3443 983 3504 ephr,
993 3445 1009 3504 ll
1019 3443 1119 3508 πατρίδα
1129 3445 1221 3506 καινὴν,
1230 3439 1289 3494 iet·

186 3523 281 3585 δρομον,
292 3521 336 3571 καὶΔ
343 3523 484 3586 καταφυγὴν
495 3524 574 3585 ἀτυχῆ
585 3539 593 3584 ;
608 3523 688 3586 Piper
698 3522 727 3572 dv
738 3524 774 3583 ein
784 3523 813 3574 ‘rb
828 3525 971 3588 κυριώτατον
983 3525 1064 3588 ὄνομα.
1096 3526 1231 3587 Στέλλομαι
1242 3524 1297 3588 γὰρ·

185 3603 203 3651 d'
210 3603 358 3664 κακοδαίμων
369 3605 416 3666 ἐγὼ
423 3603 512 3668 τρόπον
521 3602 575 3654 τινὰ
583 3607 729 3669 νεκροφορῶν
739 3603 839 3667 ἐμαυτὸν
849 3606 927 3670 ὥσπερ
936 3605 970 3656 eir
980 3606 1054 3670 ἡρίονὲ
1072 3606 1192 3663 Quoniodo
1203 3605 1290 3654 vocabu

185 3683 245 3732 hono
255 3684 372 3734 inanium?
391 3683 536 3743 extitimne.'
546 3701 577 3735 an
595 3683 680 3736 novom
696 3689 799 3748 putrium
808 3703 818 3744 ,-
836 3702 868 3736 nn
884 3688 997 3736 miserum
1010 3692 1104 3748 purtim
1115 3691 1139 3734 et
1148 3681 1289 3746 refugium?

186 3763 297 3826 Sepuirri
306 3779 389 3814 nornen
399 3766 423 3815 ei
437 3766 535 3828 propria
549 3765 659 3814 eunomii
664 3781 676 3822 ,·
693 3765 807 3828 aipuidim
822 3766 910 3825 infelix
924 3781 967 3826 ego
978 3781 1014 3814 me
1024 3768 1073 3827 ipre
1084 3766 1250 3827 quodammodo
1262 3765 1289 3812 in

185 3847 361 3892 monumentum
371 3843 458 3904 infero.
491 3845 527 3892 Et
537 3845 617 3908 poulo
634 3848 693 3905 pont
704 3844 772 3894 idem
785 3844 837 3892 nit:
858 3843 903 3893 Καὶ
915 3844 992 3906 prpir
1003 3845 1027 3906 ἐξ
1038 3842 1131 3902 ἁπάσης
1142 3841 1289 3904 ἐληλαμένας

187 3923 231 3979 τῆς
241 3921 385 3984 οἰκουμένης,
398 3925 508 3974 ἐνταυθοῖ
515 3922 710 3986 ουγκέκλεισμαι.
746 3925 781 3972 Et
791 3925 847 3974 enni
857 3939 888 3972 err
898 3929 947 3974 toto
957 3925 1044 3985 peetus
1055 3923 1109 3974 orbe
1118 3923 1241 3972 bubiloiili
1249 3923 1289 3970 irio

184 3995 287 4052 includo.
322 4004 389 4053 Rem
402 4005 468 4054 adeo
478 4005 561 4054 minui
578 4021 625 4055 acu
643 4007 755 4068 tetigere
773 4005 912 4056 Catnuaeue
924 4013 952 4056 et
963 4007 1075 4069 Lipsius,
1087 4020 1145 4055 curn
1158 4005 1291 4054 existima·

187 4079 259 4146 runt,
277 4083 391 4133 Plinium
403 4085 455 4149 hic,
467 4101 514 4149 per
525 4086 656 4136 delatores
665 4093 788 4150 pretiorum
798 4088 911 4149 indagine
926 4087 1038 4149 inclusor,
1056 4099 1107 4134 non
1121 4083 1290 4148 significasne,

187 4175 233 4212 eoa
246 4177 329 4225 poenre
342 4179 421 4214 ennea
432 4166 521 4215 insulis
533 4168 649 4232 angustis
661 4172 689 4216 et
701 4169 833 4218 sterilibus
848 4169 970 4223 inclusos,
982 4168 1035 4216 'sed
1054 4167 1182 4216 variarum
1193 4169 1289 4229 'legum

187 4244 287 4309 lequeio
298 4245 400 4296 cinctos
419 4253 447 4296 et
466 4245 603 4298 formidine
626 4247 808 4300 circumclusos
826 4246 916 4311 suisne,
932 4261 964 4298 ne
983 4254 1086 4312 poscent
1099 4257 1289 4312 perrumpere:
