3088 4848
229 361 295 430 ete
597 379 629 426 c.
654 376 774 452 rurlnn
799 376 965 426 snounor

231 541 321 606 pem,
341 522 465 602 oemis3
488 523 630 606 oum'qne
653 539 708 598 eo,
732 518 792 603 qni
812 518 1000 602 adoptavit,
1020 517 1225 584 amicissime
1245 537 1324 584 con·

232 625 357 701 tendis,
385 623 559 706 pulchrius
588 621 722 686 suisset
755 621 909 703 genuisse
948 621 1060 698 talem,
1088 638 1130 684 an
1158 622 1324 702 elegisset

230 725 263 790 3.
289 724 403 790 Macte
425 731 564 807 uterque
585 723 710 805 ingenti
734 721 769 785 in
787 721 1028 806 rempublicam
1046 724 1176 799 merito,
1191 723 1247 787 cui
1261 723 1326 787 boo

231 823 359 890 tantum
384 827 465 891 boni
483 824 695 890 contulistis!
738 823 833 888 Licet
854 823 950 888 alteri
972 827 1119 888 vestrum
1139 824 1201 888 filii
1218 824 1326 887 virtus

232 928 466 1011 triumphalia·
478 927 599 992 coelum
615 927 718 1001 alteri,
730 925 879 991 dederit:
895 943 960 989 non
971 926 1080 990 minor
1092 931 1202 989 tamen
1214 931 1326 990 vestra
1365 989 1367 992 .

231 1029 320 1108 taos,
330 1029 420 1112 quod
437 1030 573 1111 ista'per
587 1028 702 1103 tilium,
719 1047 820 1110 quam
835 1029 865 1092 si
878 1029 946 1111 ipsi
962 1028 1177 1091 meruissetis.

274 1129 365 1195 Car.
382 1147 444 1194 xo.
478 1130 511 1193 l.
528 1130 618 1207 Seio,
633 1129 754 1195 Patres
765 1129 970 1213 conscripti,
985 1149 1059 1194 cum
1078 1137 1207 1194 eeteros
1222 1129 1325 1202 circei

231 1235 300 1296 tum
323 1230 495 1315 praecipue
517 1231 685 1303 eonsules,
709 1235 859 1314 oportere
882 1231 931 1294 sic
954 1229 1055 1307 affici,
1075 1235 1113 1296 nt
1134 1249 1171 1294 se
1192 1227 1326 1312 publice

231 1332 353 1414 magis,
368 1352 468 1416 quam
488 1332 661 1415 privatim,
672 1332 837 1414 obligatos
852 1338 1000 1416 putentr-
1037 1331 1070 1395 2.
1093 1331 1142 1394 Ut
1156 1331 1241 1393 enim
1257 1347 1326 1392 ma-

231 1433 287 1498 los
301 1435 474 1518 principes
488 1437 610 1500 rectius
632 1434 869 1519 pulchriusque
890 1441 1005 1498 estex
1025 1432 1256 1496 commonibus
1277 1431 1328 1494 in·

228 1537 327 1620 juriis
348 1537 471 1615 odisse,
487 1555 585 1620 quam
602 1537 743 1620 propriis
757 1537 792 1616 3⁴
811 1538 860 1602 ita
873 1536 953 1600 boni
972 1535 1161 1618 speciosius
1176 1537 1329 1597 amantor

232 1640 277 1702 ob
298 1657 351 1718 ea,
374 1658 452 1722 quee
473 1639 583 1720 generi
601 1637 758 1715 humano,
783 1657 884 1721 quam
906 1656 984 1719 quoe
1006 1633 1327 1716 hominibus,'.prae³

233 1745 331 1803 stant.
374 1740 408 1803 3.
431 1739 523 1816 Quia
537 1747 647 1804 tamen
663 1739 696 1802 in
717 1735 1014 1804 consuetudinem!
1032 1736 1141 1812 vertit,
1156 1740 1194 1800 ut
1208 1753 1327 1798 consu*

232 1840 296 1916 les,
311 1841 450 1923 publica
464 1842 645 1923 gratiarum
657 1841 789 1905 actione
800 1840 952 1923 perlata*
965 1855 1028 1902 suo
1040 1853 1174 1920 quoque
1184 1836 1327 1914 nomine,

235 1948 397 2024 quantum
413 1941 556 2007 debeant
577 1941 733 2026 principi,
745 1941 981 2023 profiteantur:
1005 1937 1178 2004 concedite
1193 1957 1247 2001 me
1262 1956 1330 2000 non

233 2061 361 2125 prome
376 2045 494 2127 magis,
506 2062 642 2108 munere
655 2044 734 2121 isto,
745 2061 845 2126 quam
861 2061 922 2125 pro
938 2041 1067 2122 collega
1082 2058 1167 2115 meo,
1179 2039 1328 2103 Cornuto

271 2221 283 2254 ὃ
298 2224 386 2272 Utrum
394 2223 615 2284 gloriosiussoerit.

265 2295 276 2319 ⁶
292 2286 334 2334 Sto
345 2286 443 2348 offertor
456 2301 505 2335 esre
514 2287 605 2342 debere,
614 2290 641 2334 st
649 2287 747 2334 credunt
758 2286 837 2346 magis
846 2300 871 2334 sc
880 2284 996 2346 obligatos
1003 2299 1052 2334 esse
1058 2281 1164 2348 principi
1172 2282 1201 2334 ob
1211 2283 1331 2349 beneficio,

200 2397 206 2410 ,
234 2365 285 2414 qno
296 2350 322 2397 in
333 2364 419 2404 ornnes.
429 2365 499 2411 quom
508 2349 536 2397 ob
546 2365 583 2409 eo,
594 2364 647 2412 quoe
654 2350 680 2397 ia
690 2364 715 2399 rc
725 2349 788 2412 ipsos
796 2350 958 2410 consuantur.

267 2412 281 2446 ⁴
297 2414 401 2474 Propter
411 2428 542 2461 cominatur
552 2414 661 2476 injurios,
671 2427 740 2476 quom
749 2419 847 2477 propter
856 2413 973 2478 privatos.

268 2477 414 2530 ‘Prirott'a
507 2474 524 2518 s
539 2477 645 2528 mamis
657 2478 787 2528 inurerent.
885 2486 899 2520 t
917 2477 1019 2528 liuddo.

405 2645 424 2680 e

235 2717 410 2782 cbriussuirse]
420 2717 663 2776 Vellem,soeritae.’
675 2720 748 2784 Lips.
779 2720 788 2748 ‘
798 2720 881 2770 Fuerit
888 2719 999 2782 genuisse
1015 2718 1171 2784 conjiciebat
1181 2719 1206 2768 in
1218 2717 1331 2783 margine

237 2784 378 2843 Livineius,
397 2783 488 2831 minori
508 2783 589 2830 multo
606 2798 663 2832 cum
684 2784 907 2841 motatione,eum
925 2785 1035 2846 negandi
1056 2786 1183 2848 particule
1202 2785 1227 2832 in
1249 2782 1330 2846 primo

236 2847 362 2902 membro,
383 2855 436 2895 tom
450 2861 464 2894 a
477 2847 583 2903 Nostro,
596 2854 650 2895 tum
668 2848 701 2896 nb
718 2851 775 2898 eliis
792 2849 858 2898 baud
879 2863 936 2897 raro
952 2850 1097 2908 omittatur,
1110 2848 1142 2897 de
1157 2863 1208 2912 quo
1220 2849 1331 2898 dicimos

236 2913 267 2960 ed
281 2913 395 2973 capnt..
413 2911 537 2972 ‘Exigua
549 2911 616 2971 quod
634 2911 723 2959 deberi
743 2928 792 2961 non
811 2918 973 2974 oportuerat,
985 2927 1017 2960 an
1030 2911 1182 2976 constituar,
1195 2920 1223 2960 ut
1236 2911 1330 2972 debea-¹

236 2973 305 3025 turi’
338 2974 410 3023 Nihil
424 2981 508 3022 temen
521 2975 684 3035 mutaverim,
695 2989 744 3023 noo
757 2975 923 3036 estorviaco,
939 2990 984 3024 eur
995 2991 1044 3024 noo
1058 2983 1129 3025 recte
1142 2984 1201 3038 post
1211 2977 1332 3025 contendis

236 3039 379 3090 infinitivus
388 3037 492 3086 tolerari
506 3038 602 3100 possit3
618 3048 690 3086 certe
701 3039 763 3088 nillil
775 3040 887 3088 variatur
895 3041 921 3088 in
933 3040 1075 3099 codicibus,
1086 3041 1135 3088 nisi
1147 3041 1213 3104 quod
1223 3041 1334 3106 genuinae

237 3104 360 3153 extrudet
372 3101 495 3164 Gnelpb!
510 3101 596 3151 Arntz.
630 3103 697 3153 Vide
711 3103 786 3153 Nott.
799 3105 924 3154 Vere-tt
941 3105 1016 3154 Solos
1035 3105 1092 3156 cod.
1108 3105 1201 3154 Pater.
1221 3114 1248 3154 et
1267 3105 1333 3155 Exc.

236 3170 312 3219 Voss.
328 3173 421 3216 tontum
432 3168 515 3216 bonum
525 3167 665 3216 contulistis.

270 3233 338 3282 Cre.
358 3244 399 3280 xc.
435 3236 447 3280 l
471 3232 503 3280 ln
521 3231 674 3294 quibusdum
693 3231 775 3293 libris,
793 3233 912 3295 obligatos
924 3232 1028 3296 principi
1043 3236 1183 3296 putere-2
1215 3233 1250 3282 Ut
1268 3232 1332 3282 mim

233 3297 352 3360 principer
363 3294 421 3342 cod.
434 3297 526 3344 Pntnv.
540 3295 604 3344 Ere.
616 3297 688 3344 Voss.
700 3311 758 3346 curn
770 3297 829 3347 edd.
847 3299 958 3347 Putem.
969 3305 997 3346 et
1009 3298 1140 3346 Barim-tt
1158 3295 1224 3345 Cod.
1240 3298 1332 3346 Potor.

238 3372 266 3410 et
283 3361 348 3410 Exc.
363 3359 437 3406 Voss.
450 3359 512 3407 item
529 3359 589 3420 edd.
601 3361 706 3410 Puteol.
723 3363 815 3412 Coton.
832 3362 923 3424 Steph.
937 3362 1054 3410 sichard.
1065 3362 1159 3410 Cellar.
1171 3368 1197 3409 ct
1210 3361 1289 3411 Geso.
1306 3363 1333 3412 is

236 3423 425 3472 consuetudinem
442 3423 506 3473 venit
514 3437 524 3479 ‚·
544 3422 621 3472 codd.
639 3425 723 3474 Lirin.
735 3427 810 3474 Vatt.
827 3426 909 3476 Poris.
919 3427 1027 3475 Veneti.
1040 3432 1062 3476 l.
1074 3430 1098 3474 2.
1108 3423 1199 3474 Salisb.
1215 3425 1331 3490 Guelpb.

238 3495 266 3535 et
278 3485 452 3535 Schwarzino.
463 3486 489 3532 in
500 3500 522 3535 c.
532 3489 605 3535 vertit
612 3501 622 3544 ;
647 3489 754 3537 verbnm
766 3489 841 3538 uertit
852 3489 948 3538 babent
959 3491 1039 3538 etiem
1055 3490 1115 3538 edd.
1127 3489 1249 3540 Beroald.
1261 3491 1333 3553 Lips.

238 3552 350 3601 Putean.
362 3548 440 3598 Grnt.
457 3549 540 3596 Boon.
560 3559 588 3598 et
604 3549 696 3600 Arotz.
729 3555 803 3616 Mos,
821 3554 879 3602 cod.
898 3554 991 3604 Patsv.
1012 3561 1039 3602 et
1059 3556 1122 3602 Exc.
1142 3554 1219 3602 Voss.
1236 3547 1334 3604 'actioni

236 3613 356 3678 praetori.
390 3613 496 3663 Vossius
509 3614 591 3675 malit,
604 3616 740 3675 gratiarnm
757 3617 849 3665 actione
864 3623 982 3680 perorato.
1017 3618 1080 3667 Cod.
1100 3617 1282 3667 Scltwarnion..
1294 3635 1334 3668 oc-

239 3682 303 3730 tione
311 3679 423 3744 praeloto.
455 3677 539 3730 Paulo
548 3679 693 3748 postidem
706 3681 798 3742 codex,
811 3695 858 3746 pro
869 3685 999 3746 concedite,
1008 3682 1087 3732 babet
1098 3681 1197 3732 credite.
1230 3683 1335 3734 Deinde

732 3818 842 3870 NOTAE

270 3911 474 3980 ‘lbinmpbolffl
502 3915 562 3964 Non
582 3915 717 3965 victoriam
738 3922 767 3965 et
807 3929 878 3965 ream
901 3922 947 3965 ant
968 3929 1061 3965 aeream
1084 3920 1206 3980 statuam,
1230 3931 1287 3982 quse
1307 3918 1334 3967 in

240 3993 447 4055 triumphum,ut
464 3991 571 4039 credere
590 3991 694 4039 videtur
705 3989 767 4052 bip·
807 3992 922 4054 porticu,
941 4000 986 4040 eut
1007 4006 1068 4040 arco
1083 3991 1217 4052 'imposito
1243 3995 1333 4042 trium-

241 4068 304 4127 sins,
322 4067 391 4132 qnod
411 4081 461 4116 oon
490 4065 626 4115 admodum
653 4066 767 4128 Trojano
808 4065 931 4130 phantom
943 4067 1085 4117 exhiberet.
1118 4067 1202 4129 Igitur
1220 4067 1332 4118 Nervam

142 4161 146 4170 ·
239 4143 389 4206 patri-esset
404 4141 580 4199 honorificum,
596 4141 617 4189 si
632 4141 767 4191 victoriam
809 4142 947 4206 adoptione
957 4148 1058 4204 patrem
1070 4144 1244 4192 consecrarit.
1271 4143 1336 4192 'l'ra-

240 4231 313 4268 ruem
334 4231 414 4280 puero
433 4216 573 4274 debuisset,
594 4215 648 4266 sed-
661 4229 770 4272 mortuos
804 4219 1047 4283 jenoautem'patri
1060 4223 1170 4270 stetuam
1182 4211 1274 4270 cre'xit.
1326 4239 1329 4250 ·
