3100 4854
226 369 291 434 loo
588 386 620 434 c.
646 381 768 435 rurum
793 385 961 438 aunuum

224 529 317 592 mina
332 527 439 604 Deus,
455 530 488 592 et
504 527 698 610 plerumque
712 529 872 594 bonorum
885 528 1114 609 malommque
1129 545 1244 594 causae
1258 528 1319 593 sub

225 630 357 694 diversa
372 625 510 711 species
519 629 632 693 latent.

226 791 230 801 ,
270 728 363 816 Gar.
378 744 426 790 vt.
478 728 509 792 1.
533 727 695 810 Magnum
725 728 860 814 quidem
889 726 973 792 illud
1003 729 1131 794 aoeculo
1160 729 1322 808 dedecus,

225 850 378 914 magnum
393 828 588 912 reipublicae
603 831 734 908 vulnus,
749 830 952 912 impressum
968 833 1036 893 est:
1059 827 1272 913 Imperator,¹
1287 838 1323 894 et

224 951 346 1017 parens
361 931 489 1014 generis
503 929 671 1010 humani,m
682 931 1012 1012 obsessus‚¹¹captuS,
1023 930 1192 1012 inclusus3
1209 931 1323 994 ablata

225 1034 406 1099 mitissimo
431 1032 528 1096 seni⁰
552 1031 793 1097 servandorum
814 1032 1009 1096 hominump
1031 1039 1204 1115 potestas3
1227 1051 1322 1115 erep-

227 1145 367 1218 tumque
383 1133 559 1217 Principiq
584 1133 667 1198 illud
692 1135 727 1197 irr
750 1134 936 1217 principatu
963 1133 1205 1212 beatissimum,
1233 1132 1321 1216 quod

224 1237 306 1301 nihil
330 1237 468 1319 cogitur.
511 1235 544 1298 2.
574 1235 610 1300 Si
637 1241 748 1300 tamen
771 1235 847 1299 haec
867 1235 939 1299 sola
965 1239 1036 1298 erut
1062 1235 1158 1312 ratio,
1185 1253 1263 1316 quae
1288 1239 1321 1302 ie

224 1338 370 1423 publicee
387 1337 508 1402 salutis
524 1337 757 1418 gubernaculis
773 1336 977 1412 admoveret,
1004 1354 1108 1419 prope
1126 1341 1188 1412 est,
1210 1342 1250 1398 ut
1263 1353 1322 1402 ex·

226 1440 377 1515 clamem,
402 1440 485 1504 tanti
504 1438 653 1503 fuisse1¹
685 1437 849 1521 Corrupto
865 1445 919 1502 est
933 1437 1111 1520 disciplina
1125 1444 1322 1517 castrorum,

224 1549 262 1604 ut
275 1549 310 1606 tu
325 1545 492 1605 corrector
506 1539 766 1623 emendatorque
790 1539 1020 1619 contingeres:
1043 1539 1218 1602 inductum
1246 1559 1323 1621 pes-

228 1642 350 1706 simum
379 1641 595 1725 exemplum:
617 1645 654 1703 ut
679 1641 842 1722 optimum
869 1637 1134 1723 opponeretur:t
1155 1646 1322 1722 postremo

257 1800 274 1844 f
285 1803 337 1853 Sub
346 1803 564 1862 cmtrmiosormo.

684 1878 866 1900 menn

226 1961 335 2011 Veneti.
348 1966 421 2011 1498.
437 1961 560 2011 Beroald.
571 1963 666 2012 caten.
676 1961 738 2011 Aru.
748 1961 824 2014 dunt.
839 1962 922 2011 Rhea.
939 1961 1039 2026 Gryph.
1059 1961 1176 2011 sichard.
1195 1961 1319 2012 crunno.

226 2025 337 2075 Arcem.
349 2027 433 2074 Livio.
444 2027 534 2088 steph.
551 2028 583 2076 ai.
599 2032 664 2076 vett.
679 2028 780 2076 recondo
791 2033 932 2083 mmonturr
950 2027 1032 2076 codex
1046 2025 1179 2076 Arntacuii
1200 2027 1225 2074 in
1243 2041 1323 2089 marg.

227 2096 372 2147 concoctum
390 2100 416 2138 et
434 2092 471 2140 ric
491 2091 562 2152 Lipe.
581 2091 677 2141 cellar.
697 2092 782 2141 Paria.
801 2095 874 2142 tota.
892 2091 986 2154 Delpir.
1007 2091 1105 2140 Hearu.
1127 2090 1210 2140 Hack.
1233 2090 1324 2140 Arata·

226 2153 310 2204 Genu.
326 2153 424 2204 Sonat.
439 2163 466 2203 et
483 2155 583 2217 Gierig.
617 2154 743 2204 ‘Secundo
759 2154 897 2215 noscuntur]
916 2155 959 2203 Sic
976 2170 1065 2204 omnen
1077 2155 1155 2206 codd.
1168 2163 1195 2203 et
1206 2155 1266 2204 edd.
1282 2169 1325 2202 ve·

227 2225 307 2272 teter,
325 2224 354 2266 nt
378 2219 434 2267 hac
454 2219 584 2268 sententie
600 2231 615 2267 e
637 2218 805 2268 similitudine
823 2217 988 2282 precedente
1006 2219 1129 2283 pendeat.
1161 2219 1213 2268 Sed
1225 2215 1324 2268 'Arum

225 2281 356 2330 Schwarz.
368 2289 395 2330 et
413 2281 494 2330 Gean·
511 2290 667 2347 receperunt
677 2281 756 2331 Fabri
773 2283 840 2346 conj.
858 2289 995 2340 amantur,
1009 2290 1116 2348 propter
1130 2297 1204 2332 voce.
1220 2285 1283 2331 vicet
1298 2289 1326 2332 et

226 2345 326 2400 nmina,
343 2346 436 2409 quibus
451 2347 495 2394 iila
512 2347 578 2396 bene
595 2347 796 2397 accommodata.
831 2346 958 2412 Equidem
974 2347 1015 2397 hic
1031 2349 1123 2397 dubius
1135 2348 1231 2409 haereo,
1241 2356 1325 2397 utram

228 2410 291 2459 lect.
305 2409 460 2473 praeferam
478 2411 567 2474 itaque
579 2410 675 2475 inaup.
688 2411 729 2460 ed.
749 2410 802 2472 hic,
819 2416 849 2461 ut
867 2411 983 2474 pinribnr
999 2414 1073 2474 locir,
1093 2413 1180 2461 ambae
1199 2412 1326 2461 lectiones

226 2474 303 2523 riruui
315 2475 340 2522 in
353 2480 426 2524 textu
436 2473 551 2524 exhibui.
568 2475 634 2526 Quae
647 2475 715 2524 ratio
724 2476 789 2524 mire
799 2476 854 2524 viar
865 2484 904 2525 ert
915 2475 1054 2528 Scbtefero.
1077 2476 1159 2525 Valde
1169 2481 1258 2525 contra
1271 2476 1327 2539 pia·

221 2539 283 2588 'coit
292 2538 356 2588 Viro
365 2540 454 2588 Docto
465 2539 491 2588 in
505 2538 614 2601 Ephern.
626 2539 679 2590 Lit.
691 2541 800 2590 decem.
819 2539 870 2590 No.
882 2543 940 2590 uto.
950 2554 992 2589 an.
1003 2544 1077 2590 1796.
1100 2540 1215 2589 Probata
1226 2540 1325 2596 criticis

228 2610 286 2652 erat
306 2611 333 2652 et
351 2611 411 2653 ante
431 2603 456 2652 in
471 2603 637 2653 Gtieabachii
653 2606 689 2654 N.
699 2605 729 2654 Τ.
742 2604 845 2654 Graeco·
877 2605 1030 2668 Quanquam
1048 2603 1145 2654 seras.
1165 2606 1325 2668 pronuntiet,

227 2669 442 2718 momuruniee
455 2682 542 2718 verum
555 2667 649 2728 videri,
665 2675 754 2718 tamen
774 2677 859 2730 erunt,
879 2669 972 2732 quibus
991 2670 1068 2718 aliter
1086 2669 1212 2718 videatur.
1247 2668 1326 2717 Certe

223 2732 297 2782 idem
317 2733 361 2782 itte
372 2734 405 2782 V.
414 2735 449 2782 D.
462 2733 487 2782 iu
504 2733 613 2796 Ephem.
630 2733 737 2784 Jenent.
749 2738 874 2782 acuuntur
890 2747 941 2783 non
956 2733 1033 2782 modo
1052 2733 1207 2796 ingeniosius
1217 2732 1326 2796 indicat,

227 2795 274 2845 aed
285 2803 337 2845 eta
350 2796 426 2846 codd.
439 2811 565 2864 conuentu
583 2795 761 2860 probabilius!
780 2798 877 2858 Greng.
894 2821 897 2828 ·
911 2797 995 2846 Paulo
1008 2804 1074 2861 port,
1087 2799 1152 2848 Exc.
1172 2797 1242 2846 Scal.
1259 2802 1327 2846 atra·

227 2869 324 2922 rumque
334 2862 424 2909 comino
432 2863 449 2916 ,·'
457 2861 520 2908 Vct.
530 2864 556 2909 4.
567 2869 596 2909 et
607 2861 679 2910 Grtd.
692 2865 715 2908 1.
727 2863 827 2924 utruque
837 2860 937 2908 remitto.
1311 2881 1314 2888 ·

262 2925 330 2972 Cae.
342 2937 381 2972 vr.
416 2928 428 2970 l
447 2923 521 2972 Vatt.
534 2927 557 2970 1.
574 2927 598 2971 d.
617 2925 702 2971 occulo
719 2924 797 2972 decue.
829 2924 903 2978 Mox,
915 2924 1060 2985 prouoluta,
1072 2925 1135 2974 Vnt.
1148 2929 1171 2973 l.
1189 2925 1284 2973 Putat.
1297 2930 1326 2974 et

229 2985 296 3035 Exc.
306 2987 383 3035 Voce.
394 2985 482 3036 obluta.
515 2987 580 3037 Cod.
591 2986 870 3050 Salieb.quododni1ril
885 2987 1035 3049 cupitam-2
1052 2988 1115 3039 Vct.
1130 2994 1155 3039 t.
1175 2996 1203 3039 et
1213 2988 1326 3052 Gueiph.

720 3115 827 3166 NorAE

260 3210 267 3245 ¹
284 3212 427 3276 Imperator]
446 3213 542 3264 Nerva.
798 3225 877 3274 mum,
888 3216 917 3261 ut
926 3211 1029 3260 uullein
1043 3225 1070 3259 te
1081 3218 1205 3274 cogatnr3
1217 3218 1255 3273 ttt,
1263 3227 1327 3276 quoa

261 3295 280 3321 ¹¹²
299 3289 388 3336 Pareae
397 3289 493 3349 genecio
503 3287 611 3350 humori]
628 3287 688 3337 Huc
699 3301 757 3351 per·
798 3286 963 3346 veiit‚morti
983 3287 1064 3350 possit
1079 3287 1192 3349 eripere.
1227 3288 1327 3337 Notum

226 3360 299 3411 tinet
312 3361 375 3410 illud
394 3361 516 3411 Ausonii:
535 3362 694 3413 ‘Proximus
712 3375 758 3410 ex·
798 3367 839 3409 ert
850 3360 915 3409 illud
931 3360 1070 3423 Scipionis,
1082 3368 1181 3425 etpoat
1196 3375 1254 3409 eum
1273 3362 1327 3410 An·

230 3439 312 3487 tincto
342 3437 492 3486 moderatur
518 3446 624 3500 eceptru
649 3447 758 3502 tyranno
798 3435 883 3483 touini
894 3434 954 3484 Pii:
982 3434 1125 3484 ‘Melicae
1147 3433 1225 3484 unurir
1243 3436 1326 3496 civem

230 3513 321 3563 Nerva
330 3525 419 3574 senex,
432 3512 553 3576 princepe
565 3513 676 3570 nomine,
687 3526 756 3561 nran-
798 3524 914 3572 servare,
926 3525 1002 3574 qnam
1011 3511 1081 3560 rnille
1093 3512 1179 3561 hoster
1190 3511 1330 3561 occidere:

230 3599 258 3639 te
270 3585 384 3651 parenn’
836 3586 1030 3650 furacissime]
1048 3589 1097 3638 Vel
1113 3589 1225 3642 cladium
1243 3596 1329 3640 tanta·

262 3671 275 3698 ¹¹
294 3661 419 3724 Obreaeur]
437 3663 467 3711 In
480 3663 586 3726 prlatio,
597 3678 613 3712 u
626 3663 757 3728 praetoria·
798 3682 853 3716 rum
872 3666 956 3730 pretio
974 3667 1048 3716 nobie
1066 3667 1245 3716 redimendum
1261 3663 1329 3730 etat,

232 3739 629 3803 nlr‚eorttmqueduceAEliano.
729 3765 731 3774 =
796 3749 828 3791 ut
851 3747 878 3790 tu
901 3755 970 3790 esses
988 3748 1077 3790 notter
1098 3740 1246 3804 imperetur.
1280 3743 1329 3793 Cui

250 3822 275 3859 .⁰
292 3815 361 3878 Seni]
381 3813 483 3864 Antrum
500 3820 562 3863 tunc
578 3814 675 3878 agebat
691 3813 758 3863 Ner·
798 3817 848 3864 hoc
859 3817 957 3878 legenti
972 3816 1059 3863 rtatim
1072 3829 1123 3864 uon
1136 3816 1207 3864 veuit
1219 3817 1245 3865 in
1257 3831 1328 3866 rnen·

231 3907 272 3950 va,
285 3892 370 3942 Dione
382 3899 459 3952 teate,
470 3891 593 3954 (injuxte
605 3889 758 3954 Eutropium
798 3899 852 3942 tem
863 3890 961 3942 Luceni
969 3893 1041 3944 locun
1053 3892 1130 3954 plane
1141 3893 1241 3954 cimilia,
1249 3907 1268 3942 r.
1278 3891 1330 3942 iod

231 3970 344 4016 veroil.
742 4005 744 4014 .
797 3969 890 4021 ‘Quod
901 3970 921 4018 ai
938 3983 988 4017 nou
1001 3969 1077 4016 aliam
1088 3969 1263 4018 venturofutu
1275 3970 1328 4022 Ne-

214 4045 223 4061 '
264 4041 458 4106 rdemonoomm
466 4039 595 4103 dominam
607 4041 702 4089 Eorum
713 4040 757 4104 qui
799 4045 855 4094 roni
867 4046 1004 4095 Invenere.
1012 4045 1078 4094 viam
1089 4078 1111 4095 ..
1122 4075 1129 4092 .
1141 4045 1218 4096 .Jam
1230 4045 1328 4101 uiuite

233 4119 406 4170 Domitianum
416 4118 614 4169 interfecerent.
793 4123 902 4186 ¹Superi,
917 4121 1066 4186 querimurr
1088 4109 1188 4186 seelera
1205 4123 1272 4187 ipra,
1284 4138 1329 4174 ue·

264 4201 277 4236 a
293 4195 586 4259 Erepmarque.Priocipi]
599 4193 631 4245 ld
643 4192 711 4260 qood
724 4194 758 4247 ad
799 4195 890 4262 facque
897 4196 957 4248 nac
965 4196 1087 4248 mercede
1097 4197 1220 4262 placent.’

233 4269 358 4336 principia
368 4270 521 4334 dignitatern
532 4270 647 4336 pertinet
657 4268 758 4334 potimi-
795 4301 803 4310 -
