3112 4852
582 367 866 418 renueremus.
911 372 938 419 1.
959 353 1015 418 ll.
1275 357 1340 449 165

243 519 444 596 serenique:
476 512 623 596 quoniam
650 511 827 598 Imperator
854 515 893 594 ir,
923 514 1022 598 cujus
1044 513 1134 598 pulsi
1156 515 1339 598 fugatique,

244 631 312 676 nou
337 614 430 679 eliud
450 617 558 700 majus
574 617 761 680 habebatur
781 615 952 693 indicium,
969 633 1068 697 quam
1083 614 1111 676 si
1124 613 1342 699 triumpharet.

699 794 883 816 ΟΙΟΝΜ

244 931 271 974 et
282 924 357 972 Voss.
368 923 470 972 Puteol.
484 925 518 972 el.
529 925 611 989 antiq.
622 925 704 975 dein.
714 933 743 975 et
758 925 860 986 Gierig.
886 923 986 984 ‘Meiere
1002 921 1101 972 meter
1116 921 1243 986 inditium]
1261 921 1339 974 Hane

243 988 382 1036 lectionem
396 989 549 1037 confirmant
560 990 636 1040 codd.
648 991 721 1039 vait.
733 995 755 1039 1.
769 995 793 1038 2.
804 993 828 1037 t.
838 993 862 1039 d.
879 988 974 1037 Peter.
991 994 1019 1036 et
1036 987 1103 1035 Exe.
1119 988 1195 1036 Voss.
1206 1002 1255 1034 non
1267 987 1338 1036 eliud

243 1054 325 1114 magis
342 1051 461 1107 hebetur,
479 1067 557 1115 quam,
574 1057 616 1114 tre.
637 1053 749 1115 Goelpli.
767 1053 792 1102 'ru
811 1067 862 1116 quo
883 1053 1014 1101 omittitur
1030 1051 1182 1099 vocabulum
1204 1049 1338 1100 iuditium*

241 1116 370 1166 stim
399 1119 407 1144 ‘
419 1117 502 1165 Leone
513 1117 556 1166 hie
567 1118 592 1164 in
604 1119 720 1168 omnibus
732 1119 799 1168 Meo.
810 1125 838 1165 et
850 1117 908 1166 edd.
917 1117 988 1166 uerie
998 1125 1039 1163 eet
1050 1115 1175 1177 agitetur.
1184 1116 1260 1164 Voss.
1271 1116 1337 1168 Eue.

243 1181 371 1242 [repertum
381 1181 423 1242 qui
433 1180 500 1240 eorjue
515 1181 580 1244 putri
591 1183 722 1244 fugatique
737 1196 783 1229 non
793 1181 860 1230 aliud
870 1179 947 1242 mejite
958 1179 1056 1228 liaielrat
1067 1193 1123 1240 ergo
1133 1181 1275 1228 ruetulerartt
1287 1181 1339 1228 arii·

243 1244 413 1303 momumento
425 1246 530 1294 vocibue
542 1245 609 1294 inter
619 1248 665 1294 lies
677 1244 778 1304 mediis,
786 1245 834 1293 nist
847 1243 914 1308 quod
928 1245 961 1292 ab
974 1245 1025 1292 elia
1037 1258 1112 1290 manu
1132 1243 1282 1299 adderetur,
1301 1245 1339 1292 ir·

242 1308 630 1371 dieium,quameitriumpiaret.
662 1310 847 1372 Guelplr.vero
861 1309 969 1371 negligit
984 1309 1138 1367 tumores,
1153 1322 1263 1370 peperere
1276 1310 1338 1370 qued
1435 1321 1440 1332 ’

242 1373 309 1419 moda
320 1371 546 1421 ltoeteeirioarerorit
562 1379 786 1435 cmremreramoue,
802 1380 830 1420 et
848 1372 940 1422 eodem
959 1373 1036 1434 plene
1055 1371 1130 1420 modo
1152 1371 1212 1420 edd.
1233 1371 1338 1422 Puteol.

211 1479 213 1484 ,
242 1437 351 1483 meet
363 1437 456 1483 venet.
469 1441 541 1484 1498.
571 1437 720 1499 Inreliqnie
738 1450 787 1484 non
806 1444 880 1485 tantu
898 1442 940 1484 eet
956 1436 1075 1483 varietas.
1110 1435 1191 1483 Aldus
1202 1449 1337 1498 expreeee·

242 1504 299 1546 rat:
320 1498 415 1547 Vetere·
425 1505 449 1547 et
460 1500 569 1560 antiquae
579 1501 696 1548 emeterii
716 1501 767 1563 (ite
783 1514 882 1556 omnes,
894 1507 922 1548 et
931 1501 1051 1548 emelorie
1062 1500 1134 1561 Lips.
1143 1508 1169 1548 et
1180 1497 1337 1562 Perisiene.)

241 1563 284 1626 qui
293 1563 335 1610 lior
346 1562 423 1622 iprum
433 1563 558 1625 imperium
566 1577 683 1624 peperere,
692 1565 753 1624 quad
767 1566 834 1611 mado
850 1565 930 1613 laeter
946 1565 1084 1613 emmeram
1101 1568 1335 1625 contemnuntque,-

241 1625 308 1686 em'ue
316 1627 381 1688 petr·
386 1627 515 1688 fugatique
523 1640 571 1674 riori
579 1627 644 1674 aliud
655 1627 730 1686 majia
745 1627 794 1691 (ite
806 1628 918 1689 Guelpli.
926 1628 987 1676 edd.
1002 1628 1107 1676 Puteol.
1121 1632 1193 1676 1⁴76.
1203 1635 1231 1675 et
1240 1628 1336 1675 Venet.

242 1693 315 1738 1498.
328 1689 440 1738 Froben.
452 1691 521 1739 Sich.
534 1691 626 1739 Calan.
639 1690 665 1737 in
677 1692 741 1739 edit.
749 1692 946 1754 attermflrypli.
957 1691 1115 1754 Peris.qoo‹l
1125 1691 1265 1740 Perizonio
1273 1706 1335 1754 quo·

242 1766 291 1814 que
302 1754 433 1815 placebat.
455 1753 532 1813 mugit
543 1755 625 1802 editio
634 1755 725 1803 Ceteri.
738 1756 829 1817 prime,
841 1757 913 1817 Lipe.
926 1754 1040 1816 Hearoe,
1052 1755 1131 1815 cett.)
1147 1755 1338 1818 indiciumquam

241 1819 263 1862 ei
273 1815 348 1880 (quart
358 1816 471 1879 Guelplt.
483 1819 575 1866 caten.
584 1818 684 1866 Hearn.
693 1819 773 1882 cell.)
781 1819 968 1882 triumpharetur
973 1834 983 1876 ,·
995 1819 1031 1867 ite
1044 1819 1124 1866 editi:
1142 1820 1211 1867 eolus
1224 1818 1338 1880 Guelph.

241 1880 408 1943 triumpharet,
420 1881 539 1942 neglecto
549 1895 581 1931 ee
592 1888 663 1942 note,
674 1897 725 1945 qua
743 1885 769 1930 in
787 1885 852 1932 Mer.
863 1898 893 1931 ur
904 1883 1063 1944 designator,
1080 1882 1148 1946 quod
1160 1882 1264 1930 obvium
1276 1881 1336 1930 eet.¹

240 1943 328 1992 Arotz.
359 1952 366 1972 ⁴
378 1944 484 2000 Omnes,
498 1946 541 2006 qui
554 1947 667 1994 consulti
679 1946 755 1995 hodie
767 1955 836 2000 sont,
846 1948 910 1994 Meu.
922 1946 964 1992 iiie
976 1947 1057 1992 mutili
1072 1947 1245 2004 reperiuntur,
1262 1948 1337 1994 omit·

241 2013 350 2069 tontqne
362 2009 449 2068 verbe,
457 2023 579 2069 peperere:
595 2012 656 2069 quod
665 2009 818 2058 modoliorter
828 2009 963 2056 tmaumrt
971 2011 1195 2068 eantmueraotque,
1206 2015 1233 2056 et
1246 2023 1293 2069 pro
1304 2009 1336 2058 tie

242 2072 365 2120 exhibent
385 2079 430 2119 aut
441 2072 551 2132 quoniam
568 2072 625 2132 imp.
645 2082 690 2120 aot
712 2073 821 2134 quonium
839 2071 998 2134 imperatorie,
1015 2079 1061 2118 aut
1077 2085 1147 2133 quam
1163 2072 1337 2132 imperatorem.

243 2135 327 2183 l'erlia
339 2136 381 2183 illu
394 2137 487 2184 omitte
499 2137 596 2198 primus
608 2135 716 2184 {noeroit
726 2137 865 2184 Cetanaeus
874 2134 941 2183 haud
951 2135 1028 2183 dubie
1038 2148 1053 2182 e
1063 2136 1126 2182 lites.
1134 2149 1245 2198 eumque
1253 2138 1337 2186 ieeuti

240 2208 300 2246 erint
310 2213 400 2248 oroneo
413 2199 539 2260 deinceps
552 2200 681 2248 editoree:
700 2209 771 2249 reete
782 2215 791 2260 ;
803 2200 933 2248 sententie
944 2200 1011 2246 enim
1023 2198 1081 2262 ipse
1094 2199 1157 2246 illud
1168 2202 1334 2262 supplemen-

242 2270 294 2311 tum
307 2261 418 2326 flagitet.
451 2264 588 2312 Praeterea
605 2263 638 2310 ob
654 2264 729 2313 editt.
751 2271 847 2326 praeter
867 2263 996 2314 Schuetz.
1014 2263 1130 2311 omnibu·
1150 2264 1243 2312 obeunt
1258 2265 1335 2313 etiem

241 2328 321 2376 verbe
329 2328 438 2392 queniam
448 2329 575 2390 imperuim
585 2328 616 2384 ie,
626 2335 654 2376 nt
666 2328 731 2376 tideo
742 2328 880 2390 imperium
892 2328 976 2390 ipsum
987 2327 1243 2390 puteumsugatumoue
1260 2327 1332 2378 dieu⁴

242 2399 294 2440 tur·
325 2391 402 2444 Quod
415 2406 471 2440 euin
485 2393 635 2454 displiceret
647 2394 709 2441 virio
720 2391 814 2448 doetie.
827 2392 884 2440 loco
902 2391 996 2440 vitioso
1008 2391 1209 2440 orieeurreudam
1219 2407 1277 2441 eree
1289 2407 1336 2454 pu·

241 2463 337 2504 terunt.
362 2455 388 2507 J.
397 2457 426 2504 F.
440 2456 555 2507 Gronov.
566 2457 590 2504 in
603 2457 757 2504 Observatt.
768 2456 814 2505 lib.
827 2470 865 2504 iv.
877 2471 903 2519 p.
912 2459 970 2506 709.
981 2455 1117 2518 suadebat,
1134 2455 1245 2518 quoniam
1262 2457 1336 2519 irrepe-

239 2521 309 2568 rotor
317 2521 347 2568 ie.
380 2519 509 2568 schwara.
521 2522 562 2568 eni
574 2519 632 2567 olim
645 2519 713 2568 idem
726 2521 751 2568 iu
768 2528 883 2568 mentem
896 2525 1011 2574 venerut,
1031 2527 1124 2581 portet
1140 2520 1264 2581 malebat,
1280 2535 1335 2582 qua·

239 2585 304 2632 riam
314 2584 481 2644 imperatorie.
514 2582 587 2631 Idem
600 2583 650 2632 eibi
662 2584 766 2644 plaeere
778 2582 933 2644 significavit
951 2584 1029 2630 etium
1050 2583 1088 2630 vir
1100 2583 1197 2631 doetus
1215 2583 1241 2630 in
1261 2583 1334 2632 Aotie

239 2647 310 2708 Lipe.
319 2648 362 2711 qui
374 2646 503 2696 Schuetz.
514 2647 580 2696 edit·
589 2645 700 2696 nonduin
714 2647 825 2696 videret.
840 2647 984 2706 Gesneroo,
993 2647 1038 2708 qui
1056 2647 1081 2694 in
1100 2647 1182 2709 prime
1193 2646 1256 2694 edit.
1266 2647 1336 2696 Gro-

242 2711 310 2759 norii
322 2711 505 2760 auctoritatem
517 2717 621 2760 recutite
633 2715 699 2773 eret,
710 2711 737 2759 ln
749 2710 864 2759 secunda
875 2711 972 2759 delevit
989 2710 1044 2758 heo
1057 2710 1145 2770 verbe,
1163 2712 1257 2773 purtim
1274 2711 1336 2774 quie

239 2775 344 2826 ecorld.
357 2775 454 2824 mutili·
462 2780 489 2822 et
499 2775 600 2849 uitiatis
611 2772 751 2831 fluxerunt.
768 2775 863 2837 partim
875 2775 936 2838 quie
952 2773 1088 2837 imperium
1108 2788 1183 2836 teque
1202 2781 1272 2823 reete
1284 2774 1336 2825 diei

240 2837 1336 2966 ttttttttltttitt'tttttttttttt“tt‘ttttttttttttt'tttt:

239 2967 272 3014 aii
292 2973 378 3028 parter
396 2967 538 3024 discedere,
549 2982 600 3016 non
619 2977 672 3018 tam
688 2976 795 3031 propter
807 2968 928 3017 duritiem
946 2968 1026 3028 illem,
1039 2983 1097 3031 quer
1117 2975 1158 3017 ert
1180 2969 1214 3030 lu,
1227 2969 1335 3030 imperio

236 3031 303 3091 puleo
313 3039 339 3078 et
345 3030 452 3091 fagutm·
469 3031 522 3080 ecio
533 3033 600 3080 enirn
613 3039 641 3080 et
654 3033 704 3080 elie
716 3047 766 3082 non
779 3035 860 3080 minue
879 3032 945 3080 doru
959 3032 1028 3094 epod
1046 3031 1170 3079 Nostrum
1188 3046 1335 3089 occurrere,

241 3107 316 3154 quem
330 3097 415 3156 potios
430 3103 579 3156 propterea,
595 3097 663 3157 qood
683 3104 721 3144 tot
740 3095 818 3144 verbe
830 3106 856 3144 et
876 3096 992 3157 integrae
1010 3097 1154 3142 sententiae
1174 3095 1200 3142 in
1220 3097 1336 3144 oratione

239 3164 328 3206 nostre
340 3159 437 3208 librerll
447 3160 546 3222 antiqui
554 3159 706 3218 omiserunt,
714 3172 822 3222 querum
838 3159 961 3222 plurimae
980 3173 995 3205 e
1012 3159 1077 3206 Meo.
1089 3161 1142 3206 ruit
1154 3159 1337 3220 Criepioieuue,

239 3224 375 3282 nonnullae
384 3225 462 3272 etlam
473 3223 635 3274 Schwarziue
647 3222 727 3272 duotu
742 3221 819 3271 codd.
837 3236 853 3270 a
871 3236 899 3270 ee
917 3221 1069 3272 collatorum
1087 3219 1200 3270 feliciter
1218 3223 1337 3271 reetitue·

239 3295 309 3336 tunt.
343 3289 378 3336 Et
388 3288 436 3337 hoo
453 3287 555 3351 quidem
572 3289 631 3336 loeo
648 3286 760 3349 vestigia
771 3286 827 3348 ejus
838 3285 966 3347 lectionir,
977 3300 1053 3349 quem
1070 3284 1271 3340 detinueritis
1290 3301 1336 3335 ex·

258 3363 329 3398 reuse
340 3360 451 3412 exstent,
463 3360 491 3399 ut
504 3351 580 3400 modo
593 3350 714 3414 vidimus,
726 3351 751 3398 in
764 3351 830 3400 Mse.
843 3350 988 3413 permultis.
1024 3349 1138 3400 Accedit
1150 3350 1246 3408 etheo,
1264 3349 1333 3414 quod

240 3364 306 3464 lires.
319 3415 421 3466 Vrtice.
434 3425 551 3480 qiietuor,
563 3415 646 3464 Pario.
658 3415 770 3477 Guelpli.
783 3414 911 3463 Schwarz.
923 3415 1017 3463 Peter.
1029 3415 1124 3463 Venet.
1142 3421 1170 3463 et
1185 3414 1231 3464 lib.
1248 3415 1335 3466 Voseii

240 3478 265 3524 in
278 3477 328 3526 fine
346 3480 446 3542 periodi
459 3480 555 3529 hebent
566 3480 734 3542 triumpharet,
751 3493 811 3540 non,
831 3485 860 3527 itt
877 3479 977 3532 oaeterl,
986 3479 1180 3542 triumpharetur.
1215 3481 1254 3528 Eu
1273 3494 1334 3528 vero

241 3542 319 3592 lectio
331 3543 477 3593 necessario
493 3545 610 3607 postulet
621 3544 673 3594 tale
683 3542 910 3607 implementum!
927 3543 1022 3604 Gierig.
1048 3543 1176 3592 Videndee
1195 3543 1335 3593 Soliwarzli

736 3721 844 3774 NOTAE

238 3847 392 3894 moratoriis
406 3846 536 3902 ireaeerat,
545 3853 767 3913 contempseratque,
808 3847 976 3910 temporibus,
996 3844 1175 3910 (Domitiani,)
1186 3845 1337 3910 triompheti

241 3921 307 3980 eteius
324 3921 541 3984 puttifugatique,
562 3925 604 3985 te.
643 3920 766 3971 Victoria
807 3919 1142 3985 magioqoamvtciiount!
1174 3921 1336 3973 EtDioeel·

238 4011 288 4045 uon
305 3997 375 4045 eliud
393 3997 493 4060 rignum
512 3995 572 4054 fuit,
584 4011 659 4061 quem
677 3997 767 4046 triom-
808 4012 835 4047 re
851 4000 883 4047 de
894 4012 960 4046 vano
980 3999 1023 4046 lllo
1039 3996 1179 4046 Domitiani
1197 3995 1335 4061 triumpho,

239 4073 304 4137 phur
321 4087 443 4137 arrogent
462 4073 620 4123 Domitiani:
638 4085 723 4136 neque
740 4087 766 4121 e·
807 4075 845 4124 ait
856 4089 915 4123 eom
937 4088 983 4136 pro
994 4071 1124 4121 defunctio
1135 4072 1160 4120 in
1173 4072 1259 4124 Dueie
1270 4073 1337 4124 mili-

240 4148 291 4196 nim
315 4149 397 4210 epolie
417 4155 463 4197 eut
486 4148 584 4217 erptivi
606 4148 768 4199 videbuntur.
808 4149 877 4199 tibur
890 4149 941 4198 tuit
950 4147 1108 4211 triumphum
1120 4147 1213 4211 egisse.

239 4223 323 4274 Tacit.
337 4224 362 4273 ln
384 4224 473 4274 Germ.
489 4237 548 4288 cup.
559 4227 601 4278 ut.
618 4225 767 4280 ‘Proximlr
