3100 4854
228 355 295 422 lut
646 325 649 330 ⁵
734 369 824 419 vrrs

230 530 296 578 vrr.
309 512 365 578 2⁷.
379 512 436 576 ‘in
445 511 568 578 rcrirdo
578 513 665 597 ejus
680 511 784 579 datus
797 531 819 577 a
830 511 929 586 Caro,
945 511 988 578 ds
1002 533 1057 578 me
1070 513 1201 580 libellus
1214 513 1328 584 ium*

229 619 286 684 tus
299 611 374 678 est?

229 813 404 882 An.U.c.
419 829 632 880 ncccxnrx.
653 811 732 878 Cbrt
744 829 853 878 xcvi.
874 811 999 880 Nervae
1016 832 1042 879 r.
1065 815 1329 879 AEtatxxxuz

272 964 380 1032 Simul
401 965 574 1029 interiecto
597 963 794 1029 Domitiano
817 963 935 1030 Nerva
956 965 1137 1042 successit,
1157 963 1326 1038 omnibns,

230 1073 269 1130 ut
291 1068 339 1131 ait
354 1066 435 1142 Dio,
450 1066 604 1129 inimicos
626 1085 710 1130 suos
733 1068 979 1144 accusantibus,
1002 1065 1137 1130 Plinius
1161 1063 1329 1137 Helvidii,

230 1187 329 1252 quem
345 1167 427 1230 olim
444 1165 647 1242 defenderat,
662 1165 830 1230 interfecti
850 1166 1011 1231 ultionem
1026 1166 1172 1249 suscipit
1187 1163 1329 1230 admira-

230 1269 291 1333 bili
310 1269 502 1332 constantia
524 1275 642 1333 contra
662 1267 857 1333 Publicium
872 1268 1019 1346 Certum,
1043 1269 1103 1351 qui
1126 1266 1230 1350 paulo
1252 1271 1331 1348 post

232 1370 403 1452 vulgatam
415 1369 518 1434 Plinii
533 1371 567 1434 in
580 1390 658 1434 eum
674 1370 862 1434 orationem
875 1371 1048 1444 morbone,
1059 1389 1103 1432 an
1118 1386 1260 1430 moerora
1275 1365 1330 1428 de·

232 1472 347 1536 cessit.
377 1471 467 1536 Tum
488 1491 564 1536 cunr
584 1470 671 1534 hanc
690 1489 827 1533 causam
850 1471 919 1552 egit
935 1469 1068 1532 Plinius
1083 1468 1188 1532 tristis
1202 1471 1284 1543 erat,
1296 1471 1333 1529 ut

231 1572 357 1637 ibidem
370 1573 429 1647 ait,
441 1572 570 1635 amissa
584 1590 701 1635 recens
714 1589 833 1646 uxore,
839 1559 957 1634 Vectii
970 1570 1108 1633 Proculi
1119 1569 1281 1652 privigna,
1290 1565 1332 1630 de
1360 1557 1363 1564 ’

234 1671 451 1756 quaEp.1x.
469 1671 524 1736 13.

254 1889 324 1955 'Aa
339 1890 384 1956 U.
401 1889 441 1955 G.
458 1907 593 1955 ncoon.
608 1855 686 1955 Chr.
703 1904 827 1953 xcvrr.
849 1887 974 1952 Nerva
989 1901 1030 1950 rr.
1057 1887 1164 1951 AEtut.
1182 1901 1311 1950 xxxv.

278 2039 331 2104 Eo
347 2041 478 2104 circiter
500 2047 653 2123 tempore
674 2040 888 2123 Calpurniam
910 2037 1083 2121 Calpurnii
1106 2042 1140 2100 et
1161 2031 1334 2118 Pompeia

236 2139 397 2205 Celerinae
423 2140 620 2206 clarissima)
649 2141 797 2206 loeminae
822 2141 938 2217 liliam,
958 2140 998 2203 L.
1019 2137 1194 2222 Calpurnii
1214 2136 1335 2202 Fabati

236 2240 363 2323 equitis
386 2239 531 2304 Romani
556 2241 761 2323 integerrimi
782 2249 817 2307 et
839 2241 1088 2325 opulentissimi
1108 2239 1171 2303 viri
1192 2248 1335 2321 neptum,

217 2333 219 2339 ’
236 2361 282 2407 ex
297 2343 436 2425 antiqua
447 2340 701 2425 Calpurniornm
713 2342 854 2420 familia,
866 2362 1008 2407 uxorem
1024 2341 1132 2407 duxit.
1155 2341 1209 2405 Ex
1220 2346 1337 2405 uerba

237 2438 379 2524 conjuge
393 2442 520 2507 liberos
534 2461 556 2507 a
569 2461 605 2506 se
619 2447 801 2526 susceptos
823 2463 898 2508 esse
912 2443 1011 2507 docet
1030 2443 1106 2526 ipse
1121 2443 1253 2506 Plinius
1272 2441 1336 2524 Ep.

238 2559 292 2606 ιν.
306 2542 360 2606 18.
375 2543 420 2608 ad
434 2543 601 2608 Taciturn.
638 2542 691 2609 Ac
711 2544 755 2608 de
769 2544 965 2627 Calpumioe
980 2544 1111 2620 abortu,
1130 2544 1221 2620 dum,
1239 2548 1277 2608 ut
1291 2543 1338 2607 ait

237 2643 309 2722 illc,
331 2648 391 2708 ‘se
417 2649 643 2728 praegnantem
665 2665 742 2712 esse
762 2645 957 2728 puellariter
978 2645 1139 2720 nesciret’
1162 2663 1239 2708 cum
1260 2644 1337 2726 ipso

239 2746 369 2812 Fabato
393 2766 575 2830 prosocero
601 2747 826 2829 conqueritur,
842 2743 907 2829 Ep.
930 2746 1088 2810 virt-10.
1133 2743 1244 2826 Atque
1260 2745 1339 2808 binc

239 2852 293 2911 est
307 2865 365 2910 cur
384 2846 444 2928 jus
463 2848 565 2909 trium
584 2846 765 2910 liberorum
784 2864 846 2928 per
858 2847 882 2910 J
885 2847 990 2910 ulium
1005 2845 1200 2910 Servianum
1213 2845 1279 2908 sibi
1291 2845 1338 2907 ab

240 2946 439 3038 imperatore
450 2946 595 3028 petierit,
604 2950 653 3022 ut,
664 2944 755 3027 quod
767 2945 814 3022 ait
823 2945 882 3009 ille
892 2945 934 3008 de
945 2945 1108 3010 Suetonio
1119 2946 1175 3012 cui
1184 2945 1273 3010 idenr
1280 2945 1340 3029 jus

240 3047 398 3123 obtinuit,
420 3047 481 3110 ‘ab
505 3045 578 3130 ejus
602 3046 753 3110 bonitate
780 3045 974 3130 impetraret
992 3045 1082 3129 quod
1109 3045 1177 3110 sibi
1199 3045 1339 3114 sonuum

240 3149 434 3232 malignitas
448 3147 663 3230 denegasset?
706 3147 759 3216 Ea
769 3147 816 3224 de
836 3168 871 3212 re
884 3149 1010 3230 gratias
1026 3149 1097 3229 agit
1114 3148 1262 3232 Trojano
1276 3146 1339 3231 Ep.

213 3249 223 3334 ζ
243 3265 286 3317 x.·
299 3249 331 3314 2.
378 3249 542 3326 Ututest,
558 3250 646 3316 vixit
668 3269 745 3314 cum
761 3247 946 3332 Calpurnia
968 3248 1257 3332 conjunctissime:
1279 3249 1341 3312 bu·

237 3352 296 3435 jus
312 3351 476 3413 samonis
491 3351 703 3428 suavitatem,
719 3356 755 3414 et
774 3350 900 3432 ingenii
918 3354 1128 3413 venustatem
1147 3349 1262 3412 laudat
1276 3347 1340 3431 Ep.

244 3465 296 3511 vr.
310 3450 345 3513 7.
360 3449 582 3512 eruditionem
598 3467 677 3512 veru
693 3449 908 3513 commendat
920 3449 985 3532 Ep.
1001 3466 1054 3513 ιν.
1069 3449 1123 3514 19.
1134 3449 1179 3513 ad
1192 3448 1342 3532 ejusdem

243 3549 378 3616 amitam
402 3549 619 3631 Hispullum:
643 3537 840 3614 ‘Summum
855 3557 910 3613 est
927 3550 961 3613 in
982 3569 1026 3614 ea
1046 3569 1196 3626 acumen,
1211 3567 1342 3613 summa

113 3655 115 3659 ’
241 3651 434 3732 frugalitas:
466 3655 556 3716 amat
574 3671 636 3727 me,
652 3651 742 3735 quod
761 3650 927 3716 castitatis
948 3651 1109 3726 indicium
1126 3657 1190 3714 est.
1235 3648 1342 3714 Accu-

244 3753 296 3817 dit
318 3752 371 3816 bis
390 3751 539 3817 studium
554 3752 736 3830 literarum,
752 3753 847 3836 ,quod
868 3771 914 3816 ex
929 3753 996 3816 mei
1010 3753 1150 3816 caritate
1164 3750 1342 3832 concepit:

243 3873 339 3918 meos
353 3852 484 3930 libellos
496 3852 610 3932 babet,
626 3854 768 3932 lectitat,
782 3851 921 3918 ediscit!
965 3849 1049 3916 Cunr
1072 3871 1114 3915 ea
1129 3850 1214 3915 vixit
1227 3851 1270 3915 ad
1283 3851 1341 3928 Bi-

244 3955 369 4036 thynias
385 3955 501 4030 saltem
514 3956 786 4037 proconsulatum
799 3974 809 4034 ;
831 3973 909 4032 nam
925 3973 1002 4034 cum
1015 3957 1105 4017 esset
1125 3955 1159 4016 in
1170 3951 1343 4034 Bithynia,

245 4062 389 4120 excusat
400 4075 437 4122 se
452 4057 543 4141 apud
552 4054 748 4140 Trajauum‚
760 4056 937 4139 quodeam
949 4053 1133 4136 diplomate
1144 4039 1344 4122 instructam

171 4145 175 4156 '
247 4154 407 4222 dimiserit
420 4156 538 4228 audita
558 4157 682 4222 Fabati
706 4157 762 4223 avi
780 4158 836 4222 sui
853 4163 958 4222 morte
972 4155 1119 4222 Romam
1134 4155 1346 4242 negotiorum
