3088 4848
554 369 833 420 esusorurous.
878 371 904 420 t.
929 331 983 420 st'.
1249 361 1314 428 265

219 517 379 604 rejicere*
403 515 543 599 aliquid,
567 522 601 579 et
622 522 807 598 amputare,
823 533 866 580 ox
889 515 952 592 his,
966 533 1047 598 quoe
1064 516 1219 600 princeps
1240 526 1315 582 tsn-

220 639 321 700 quam
336 619 527 684 necessario
541 617 684 699 reliquit.
719 616 890 682 Praeterea
904 625 1001 698 poter
1016 623 1094 680 tuus
1109 619 1225 682 usibus
1240 622 1314 684 suis

218 719 425 798 detrahebat,
440 739 515 802 (111ae
530 719 662 783 fortuna
684 717 818 799 imperii
842 717 1005 796 dederot3
1027 725 1061 782 tu
1078 717 1238 802 tuisque
1253 741 1314 803 po-

218 827 292 886 terr
335 823 367 886 3.
388 819 548 903 Aequam
565 819 810 902 magnifieusin
828 818 1071 902 publicumes!
1104 819 1316 902 Hincportis

218 920 305 1002 cus,f
314 923 394 990 inde
408 922 569 998 delubro,g
596 921 731 990 occulta
753 921 922 988 celeritate
948 926 1182 1006 properantur,
1197 931 1233 986 ut
1248 943 1317 988 non

676 1083 859 1108 ΜΟΝΙΜΜΟ

218 1201 313 1252 derunt
323 1202 414 1255 moris!
430 1202 531 1267 Gierig.
558 1203 654 1268 Vulgg.
670 1203 792 1268 principi,-
807 1218 918 1265 magnum
930 1203 1085 1266 rejiceredfe.
1110 1201 1237 1252 ‘Codices
1249 1205 1315 1253 nris.

218 1279 282 1331 qnos
300 1262 463 1324 coniulimns‚
475 1269 537 1316 uilril
556 1277 656 1317 mutant
673 1271 698 1318 in
718 1271 758 1318 his
776 1269 872 1328 verbis,
889 1269 937 1321 nisi
955 1269 1024 1333 quod
1037 1281 1084 1331 pro
1103 1267 1226 1316 adverbio
1236 1269 1318 1329 surgis

217 1333 358 1385 exhibeant
373 1333 531 1394 adjectivum
551 1349 680 1394 magnum
702 1335 748 1382 sed
766 1335 828 1384 estis
846 1334 1015 1382 incommode.
1049 1333 1185 1395 Ingeniose
1196 1334 1315 1396 Bongsr-

218 1397 279 1456 sius,
297 1407 363 1446 teste
381 1397 522 1461 (honorio,
537 1397 593 1446 lure
611 1399 691 1446 verbo
711 1405 769 1462 post
786 1399 938 1447 vocabulum
956 1398 1080 1460 principi.-
1097 1397 1268 1460 interpunxit,
1286 1403 1315 1447 et

217 1475 265 1522 pro
284 1463 363 1522 magis
379 1463 497 1523 reposuit
513 1463 596 1511 meeis.
630 1464 765 1514 Praetereo
781 1463 938 1524 Gronovius,
950 1477 998 1524 pro
1019 1463 1100 1510 serbo
1116 1461 1223 1522 rejicere,
1234 1464 1315 1510 ascis-

217 1526 326 1588 cendum
346 1527 505 1574 existimavit
518 1528 630 1578 recidere.
665 1529 723 1578 Qus
739 1528 918 1578 emendatione
937 1529 974 1576 sic
989 1526 1168 1577 rescribendus
1186 1525 1254 1576 foret
1272 1528 1314 1576 hic

218 1591 306 1638 locus:
326 1589 399 1638 Stant
409 1604 497 1639 recurre
508 1593 598 1653 domus,
609 1607 650 1640 uec
658 1591 712 1652 jam
723 1595 809 1655 templo
820 1592 938 1641 reiculis,
972 1591 1039 1640 sarrs
1050 1590 1150 1651 esttibi,
1162 1591 1316 1654 nimiumque,

216 1667 270 1702 oum
287 1655 425 1704 successeris
432 1655 600 1716 frugalissimo
616 1657 736 1718 principi.-
759 1659 834 1706 mosis
847 1657 951 1706 recidere
960 1657 1051 1719 aliquid
1067 1660 1091 1704 el
1101 1660 1222 1717 ompsrtore
1232 1671 1263 1704 ex
1273 1657 1315 1718 iis,

218 1733 270 1780 quc
279 1720 389 1781 princeps
399 1725 510 1782 torquem
524 1721 655 1770 necessarie
668 1721 775 1784 reliquit.
807 1723 848 1770 Dc
861 1722 941 1770 verbo
952 1722 1066 1782 recidere,
1077 1721 1222 1770 Gronovius
1236 1721 1315 1770 Obss.

218 1797 257 1831 tr.
269 1787 309 1832 to.
342 1783 419 1831 Certe
431 1785 565 1846 Bongsrsii
578 1785 786 1834 emendationem
798 1794 826 1834 et
841 1785 1078 1847 interpunctionem
1093 1787 1151 1846 ipss
1162 1785 1242 1846 exigit
1255 1800 1315 1833 sen·

218 1848 309 1898 tentiae
328 1847 478 1896 necessitas.
511 1849 646 1900 Quomodo
665 1852 744 1907 enirn,
762 1852 783 1898 si
796 1851 941 1900 accuratius
961 1863 1014 1897 rem
1027 1847 1242 1911 expendes,sptc
1253 1863 1315 1896 con·

218 1913 334 1968 veniant,
351 1913 549 1976 cohaereontque
562 1913 628 1963 ists:
645 1915 706 1962 sotis
725 1915 777 1970 tibi,
789 1921 813 1964 et
831 1915 931 1964 nimium
947 1919 993 1974 est,
1008 1913 1105 1972 rejicere
1123 1913 1231 1973 aliquid?
1263 1914 1315 1961 Po·

218 1977 272 2025 tius
284 1973 382 2025 Plinius
394 1978 483 2026 dicere
495 1979 586 2032 voluit,
601 1979 740 2042 Trsjenum
758 1993 807 2028 non
826 1981 908 2027 solum
927 1977 1000 2026 bouis
1013 1979 1064 2026 suis
1080 1983 1229 2025 contentum
1249 1991 1315 2038 esse,

218 2040 264 2104 sed
283 2049 310 2091 et
329 2041 461 2090 abundare
482 2042 531 2090 sibi
549 2043 639 2098 sideri,
659 2044 761 2092 etiamsi
780 2043 934 2092 successerit
954 2043 1051 2090 Nersae
1070 2039 1317 2104 frugalissimorum

217 2107 356 2167 muitsjnm
366 2121 397 2154 ex
405 2107 511 2170 antiqua
518 2109 642 2170 largaque
652 2107 837 2170 imperatorum
849 2108 1020 2170 possessione,
1029 2107 1102 2172 qrrssi
1109 2120 1160 2154 non
1169 2107 1315 2154 necessaris

217 2169 351 2228 demserit,
362 2171 595 2234 restrinxeritque:
614 2172 700 2234 immo,
711 2172 795 2236 ipsum
811 2173 952 2235 'l'rajonnm
969 2171 1035 2220 lusnc
1049 2173 1143 2221 Nersae
1160 2171 1317 2220 moderatio·

218 2247 276 2282 uem
289 2249 423 2298 superare,
435 2251 493 2285 cnm
512 2237 590 2284 etiam
606 2251 638 2284 ex
651 2237 691 2296 iis,
706 2252 764 2299 quos
777 2237 951 2300 frugalissimo
968 2237 1078 2300 principi
1095 2237 1243 2285 necessarie
1260 2237 1315 2284 viso

217 2297 331 2358 fuerunt,
343 2300 426 2349 adhuc
436 2300 531 2366 aliquid
541 2315 658 2350 resecare
670 2302 750 2350 malit.
768 2303 964 2364 Supervacuum
977 2315 1040 2350 vero
1050 2301 1161 2363 videtur,
1173 2301 1257 2350 multis
1270 2300 1315 2350 do·

215 2377 288 2441 ιειιί,1
305 2366 433 2439 qrsomodo
449 2364 505 2413 fieri
525 2367 650 2428 potnerit,
669 2374 698 2414 ut
714 2380 761 2428 pro
779 2369 854 2415 mosis
865 2364 998 2430 irrepserit
1008 2367 1097 2428 magis,
1109 2374 1137 2415 et
1153 2366 1213 2413 hinc
1230 2365 1315 2416 adhuc

215 2436 527 2556 ittffissi'n’titn
542 2431 939 2556 similitudinis
954 2429 1315 2555 2¹il‘int'¹ntinn,itt

212 2563 309 2620 putore,
328 2557 413 2618 aptius
435 2557 556 2619 conjungi
576 2571 667 2620 posse;
692 2572 814 2620 negamus
836 2568 934 2620 entem,
955 2559 1101 2605 necessario
1124 2556 1229 2616 debere,
1256 2572 1315 2606 cum

216 2621 319 2670 Plinius
331 2621 410 2669 serbo
424 2621 520 2681 rejicere
531 2629 558 2670 et
569 2623 692 2683 omputore
710 2636 784 2680 eque
802 2627 957 2670 connectere
974 2621 1097 2682 potuerit,
1109 2635 1139 2669 sc
1157 2633 1245 2682 snpra,
1257 2636 1316 2684 csp.

215 2697 322 2734 xxxix·
341 2690 365 2734 ὅ.
382 2683 561 2747 ἀὺιιψῑιιιιι,’
583 2684 835 2748 ‘smputstnmque,'
845 2686 1026 2748 conjunxerat.
1068 2685 1131 2740 Sed,
1141 2685 1162 2732 si
1173 2684 1257 2732 adhuc
1275 2699 1319 2732 re·

216 2750 322 2811 spiciam
336 2749 419 2812 prima
430 2749 504 2812 hujus
516 2749 567 2798 loci
579 2749 668 2806 rerba,
693 2750 766 2798 Stant
777 2764 865 2797 secura
876 2752 965 2804 domus,
981 2763 1024 2797 see
1035 2747 1090 2807 jorn
1101 2750 1188 2811 templo
1198 2748 1317 2810 retortio,

216 2814 314 2878 nescio,
329 2816 455 2878 quomodo
472 2813 533 2862 mihi
552 2813 662 2876 primum
680 2813 706 2861 in
724 2821 836 2864 mentem
856 2813 966 2871 venerit,
984 2811 1053 2862 sorte
1065 2812 1230 2862 scribendum
1249 2828 1316 2876 esse,

215 2879 316 2938 necjom
332 2881 420 2941 templo
437 2883 541 2937 rrrttuut,¹
558 2893 626 2926 nnuc
645 2890 730 2927 temen
751 2878 917 2941 participium
928 2878 1039 2928 nutantia
1049 2878 1106 2927 loco
1117 2893 1165 2928 suo
1176 2877 1314 2928 exturbare

216 2957 266 2990 uon
279 2942 377 2992 susim!
393 2943 514 2992 Scirona.
547 2943 615 2991 Vide
627 2943 704 2993 Nott.
716 2943 793 2993 Varr.
815 2958 926 3004 monum
941 2943 1039 3003 rejicere
1050 2941 1141 3006 aliquid
1152 2941 1210 2992 eod.
1220 2943 1316 2992 Potor.

217 3008 310 3064 ιΜοιιΙ
328 3022 375 3069 pro
386 3009 467 3056 verbo
485 3009 591 3070 reliquit,
606 3009 632 3056 in
650 3008 709 3058 cod.
724 3009 783 3058 Vst.
794 3012 819 3058 Δ.
831 3009 955 3072 scriptum
967 3014 1008 3060 est
1018 3008 1117 3066 ornieit3
1133 3023 1190 3071 quae
1203 3009 1317 3060 varietas

217 3071 345 3121 orrdseulo
367 3071 473 3120 librario
491 3071 620 3122 debetur!
644 3072 765 3120 Sciworz.
798 3071 880 3120 Poulo
897 3077 966 3135 post,
982 3085 1030 3132 pro
1049 3076 1076 3119 tn
1093 3071 1152 3132 tuis,
1171 3087 1224 3133 quc
1237 3079 1317 3136 poter,

217 3135 293 3186 codd.
306 3137 401 3186 Pater.
415 3136 478 3184 Vas.
489 3132 584 3184 Vener.
597 3139 622 3184 2.
634 3136 693 3184 edd.
705 3135 809 3186 Puteol.
822 3140 894 3184 1476.
907 3142 934 3184 et
945 3135 1044 3183 Venet.
1056 3137 1129 3183 loos.
1144 3135 1263 3196 tutiusque
1271 3153 1315 3199 po·

216 3205 271 3258 ter,·
287 3201 329 3251 ed.
341 3200 449 3262 Cuspio.
458 3200 547 3262 potius,
559 3215 610 3262 que
618 3204 706 3262 poterr
724 3200 817 3255 salisb„
834 3199 963 3248 iuiiesltoc
978 3203 1045 3262 poter
1054 3213 1064 3254 ς
1087 3197 1258 3248 Sclrwarzian.
1277 3206 1315 3250 tu·

216 3266 275 3323 tius,
286 3279 338 3328 quc
347 3269 417 3328 paler
427 3281 437 3322 ,·
455 3265 525 3312 Cere
537 3265 606 3325 conj.
618 3269 644 3311 tn
657 3265 711 3326 jus,
722 3259 879 3325 onodpoierr
896 3263 982 3312 Lirin.
1001 3269 1029 3310 et
1047 3261 1117 3324 Lips.
1136 3267 1163 3310 to
1180 3265 1237 3322 tuis,
1255 3268 1315 3326 qnod

215 3333 304 3390 poter,-
319 3336 347 3378 et
358 3331 396 3378 sio
407 3331 538 3392 Bernegg.
555 3327 643 3378 (ἴτων.
656 3327 739 3377 Boon.
757 3328 851 3377 Celler.
867 3327 967 3377 Hesrn.
985 3324 1078 3375 Arntz.
1091 3333 1119 3374 et
1136 3327 1216 3376 Geso.
1229 3335 1255 3376 tu
1266 3331 1316 3378 tuis

209 3405 261 3456 «pue
275 3398 345 3460 poter
362 3395 428 3444 Ere.
446 3395 519 3444 Voss.
538 3391 616 3444 codd.
633 3392 718 3444 Poris.
737 3400 766 3442 et
785 3392 948 3458 creton-s
967 3391 1209 3455 Hiorportonsood.
1221 3393 1317 3448 Pater.

710 3523 819 3576 NOTAE

246 3623 260 3660 «Ι
277 3623 395 3689 Βήἰσινε]
411 3623 463 3674 Alii
474 3625 587 3674 recidere.
610 3626 700 3676 Nerua
711 3639 745 3677 ex
816 3615 938 3686 ‘Puluis
947 3639 999 3687 quc
1007 3623 1090 3689 [qnod]
1100 3623 1179 3687 poter]
1189 3624 1231 3674 Its
1240 3625 1316 3674 resti·-

215 3703 300 3766 eeteri
314 3703 499 3763 imperatorum
512 3701 673 3761 possessione
692 3700 745 3750 dis·
784 3699 821 3748 tui
832 3714 889 3751 cunr
899 3700 1015 3748 Liuineio
1027 3702 1159 3762 protuetur
1167 3704 1229 3762 qnod
1237 3707 1318 3764 puter·

213 3783 334 3830 erexerat
344 3775 465 3838 qrricquid
478 3775 527 3824 sibi
544 3789 594 3823 nou
607 3775 744 3826 admodum
783 3775 879 3826 Sensus
891 3781 948 3824 estr
966 3776 1057 3826 Neres
1071 3775 1117 3824 sibi
1129 3775 1313 3838 detraxitque

213 3850 389 3904 necessarium
402 3850 549 3899 ridebatur.
572 3849 673 3899 Plinius
682 3863 745 3902 sero
785 3850 876 3904 sibino
889 3850 998 3914 imperio
1006 3851 1066 3901 dats
1076 3849 1183 3900 fuerunt
1194 3866 1201 3902 r
1214 3860 1243 3901 to
1253 3865 1314 3903 sero

214 3931 257 3986 hic
274 3927 364 3978 lsudst
379 3927 518 3988 Trsjsnum
536 3925 604 3989 quod
622 3926 688 3974 usuc
705 3925 743 3988 ip·-
785 3927 834 3978 tibi
846 3927 970 3990 detrahis,
979 3941 1036 3990 ane
1055 3926 1137 3989 magis
1149 3934 1209 3980 suut
1220 3934 1275 3992 tos,
1286 3930 1314 3980 id

215 4018 270 4058 sem
282 4001 486 4066 temperantiam,
500 4001 602 4064 vicerit,
618 4002 697 4064 etiem
711 4013 744 4049 ex
784 4011 901 4068 conque
912 4009 989 4067 peter
1002 4003 1050 4055 tibi
1061 4002 1172 4067 reliquit.

214 4083 256 4146 iis,
273 4097 331 4148 quas
346 4079 518 4142 fragilissimo
534 4079 642 4140 principi
655 4091 744 4126 ueces-
817 4075 829 4114 f
842 4076 1029 4143 Hirroportions]
1045 4078 1116 4130 eros
1128 4076 1196 4127 circo
1206 4078 1317 4144 Trsjoui

216 4159 287 4210 seris
303 4156 467 4214 ridebantur,
482 4153 578 4218 aliquid
592 4151 745 4206 abradendo
784 4153 868 4210 iorum
882 4153 1018 4204 excitarit.
1036 4151 1143 4203 custod
1175 4153 1314 4206 Catonem

217 4230 468 4302 etqusimputsndo.
501 4245 504 4250 Δ
586 4279 588 4285 ,
658 4292 661 4302 Ι
744 4267 747 4282 ,
782 4229 950 4296 portuslegin
967 4241 1019 4298 uon
1035 4227 1156 4292 porticus:
1173 4227 1314 4299 fortequis
