3100 4854
685 368 786 416 vrrs.
1237 358 1279 422 91

188 519 363 595 utrumque
387 511 667 595 reciprocaretur;
698 510 836 591 contigit
859 515 896 576 ut
919 511 1071 606 nonnulli
1094 515 1142 578 eis
1166 515 1280 597 propi·

189 615 271 681 tium
287 614 458 678 Gaesarem
473 619 698 696 precarentur,
712 614 772 676 lte.
787 612 851 695 Ep.
867 629 918 676 vt.
932 615 963 678 5.
1008 613 1106 678 Unde
1120 615 1279 696 colligere

188 720 240 779 est
260 711 447 796 Trajanum
472 719 552 775 tnnc
575 731 639 774 non
664 711 861 779 interfuisse.
907 713 1009 791 Quod
1032 720 1066 778 et
1085 733 1129 778 ex
1145 716 1208 797 Ep.
1225 717 1279 781 13.

188 814 418 895 confirmatum
442 813 511 890 ubi,
540 831 616 893 quae
645 813 680 875 in
707 812 821 876 eadem
851 832 955 877 causa
983 819 1060 876 sunt
1087 815 1278 895 subsecuta,

187 933 343 978 namans:
366 912 544 995 ‘Bitbyui,'
558 913 676 994 inquit,
693 913 750 976 ‘S.
766 912 804 976 G.
819 914 907 996 apud
923 916 1077 979 consules
1092 934 1225 998 carpere
1244 926 1279 983 et

185 1011 391 1078 labefactare
414 1018 490 1076 suut
510 1014 593 1090 ausi,
613 1019 714 1096 alque
735 1015 835 1078 etiam
858 1017 990 1080 absenti
1002 1015 1121 1096 (ΝΒ.)
1135 1017 1278 1101 principi

186 1113 371 1178 criminari:
403 1115 447 1177 ab
476 1114 536 1178 illo
562 1114 604 1177 ad
629 1120 780 1179 senatum
807 1117 948 1192 remissi,
970 1137 1036 1181 uon
1063 1111 1280 1194 destiterunt,’

186 1217 250 1279 &a
293 1215 420 1278 Iterum
433 1221 543 1279 tamen
562 1233 583 1280 a
601 1221 718 1280 senatu
731 1218 955 1298 impetratum,
970 1217 1059 1301 quod
1074 1217 1168 1299 prius
1190 1218 1279 1299 peti·

186 1323 257 1380 erat
272 1314 437 1395 Varenus,
454 1317 536 1379 ibid.
581 1317 629 1380 At
643 1323 818 1399 autequam
834 1323 935 1382 testes
950 1325 1156 1392 vocarentur,
1169 1319 1278 1382 fieret-

186 1435 254 1498 que
279 1416 466 1498 inquisitio,
496 1415 635 1499 Bithyni
665 1419 909 1483 accusationem
933 1417 1067 1495 Vareni,
1097 1424 1133 1483 ut
1158 1422 1277 1482 temere

185 1515 386 1594 inchoatam,
399 1519 601 1598 omiserunt3
624 1536 664 1581 ac
681 1519 722 1581 de
737 1539 778 1582 eo
794 1517 975 1601 Polyaenus
991 1518 1170 1600 provincia
1186 1519 1277 1600 lega-

186 1623 239 1679 tus
253 1618 363 1681 attulit
376 1618 542 1682 decretum
560 1619 696 1683 concilii
712 1619 754 1682 ad
771 1619 949 1696 Caesarem,
962 1622 1022 1682 &c
1067 1617 1149 1682 Cum
1167 1625 1277 1683 tamen

184 1723 350 1799 perstaret
375 1717 522 1799 Magius,
537 1717 614 1802 (qui
628 1719 721 1800 prius
745 1738 765 1781 a
785 1719 961 1800 provincia
976 1725 1094 1782 contra
1108 1717 1276 1784 Varenum

184 1817 323 1892 missus,
343 1817 407 1899 Ep.
435 1834 471 1882 v,
494 1816 567 1902 20.)
597 1818 794 1882 consulibus
820 1818 1015 1900 postularet,
1038 1821 1097 1886 ‘ut
1120 1817 1276 1884 Varenus

185 1917 343 1980 exhibere
359 1919 508 1983 rationes
524 1927 698 2001 cogeretur
710 1921 730 1984 :’
753 1939 787 1982 re
802 1938 914 1983 coram
929 1919 996 1983 illis
1010 1918 1145 1999 agitata,
1160 1917 1276 1983 defen-

184 2017 285 2082 dente
300 2039 418 2083 rursus
434 2019 599 2084 Varenum
616 2020 739 2098 Plinio,
755 2021 919 2095 consules,
935 2027 974 2084 ut
993 2018 1174 2101 Polyaenus
1194 2038 1275 2101 pos·

184 2119 326 2196 tulabat,
356 2121 469 2184 omnia
491 2122 616 2202 integra
641 2121 782 2204 principi
807 2127 1043 2199 servaverunt;
1066 2117 1206 2201 ‘eujus’
1228 2105 1294 2212 ait,

185 2218 321 2296 Noster,
345 2221 587 2301 ‘cognitionem
609 2240 793 2304 suspensus
812 2219 980 2302 expecto,'
998 2223 1057 2283 &c
1079 2219 1275 2301 Ep.v11.d.

184 2317 249 2400 Ep.
265 2339 346 2383 uero
358 2321 411 2386 10.
422 2320 464 2384 ad
481 2323 622 2385 eundem
632 2323 763 2404 reliqua
774 2340 923 2385 narrans:
940 2317 1065 2396 ‘Acta'
1080 2321 1137 2396 ait,
1153 2324 1276 2385 ‘causa

184 2419 258 2482 hino
273 2439 293 2483 a
309 2419 482 2503 Polyaeno,
496 2423 571 2487 inde
590 2443 613 2488 a
632 2422 758 2505 Magio.
804 2422 924 2486 Finitis
936 2420 1137 2494 actionibus,
1147 2418 1276 2498 Caesar,

184 2526 310 2598 neutra,
333 2523 453 2604 inquit,
476 2543 554 2605 pars
581 2525 624 2588 de
649 2543 742 2588 mora
768 2529 932 2606 queretur.
976 2520 1047 2584 Erit
1068 2519 1149 2582 mihi
1172 2540 1276 2597 curae,

186 2622 360 2703 explorare
374 2623 558 2705 provinciae
572 2623 801 2701 voluntatem:
815 2629 875 2688 &c
993 2668 996 2674 ι
1061 2667 1065 2676 -

227 2721 284 2784 Ex
298 2723 340 2787 iis
356 2729 554 2788 autem-cum
575 2725 801 2807 superioribus
820 2721 955 2787 collatis
976 2720 1103 2784 discere
1127 2725 1188 2796 est,
1201 2718 1272 2784 Va·

184 2822 256 2885 reni
281 2842 417 2887 causam
442 2826 578 2889 absente
603 2825 749 2909 Trojano
772 2823 971 2897 inchoatam,
996 2819 1038 2884 ad
1064 2820 1139 2903 ejus
1168 2838 1274 2904 usque

184 2920 324 2985 reditum
337 2930 541 3005 protractam
562 2927 666 2990 fuisse
677 2947 687 3004 3
698 2909 770 2989 ⁸uec
793 2925 898 2988 multo
913 2927 991 3006 post
1004 2927 1117 2986 tamen
1132 2921 1272 3003 impera·

184 3026 290 3086 torem
305 3023 370 3086 hoc
384 3031 587 3106 postremum
603 3024 734 3111 dedisse
747 3041 957 3107 responsum,
971 3021 1136 3104 siquidem
1156 3020 1275 3095 noluit,

184 3127 222 3184 ut
235 3123 392 3186 alterutra
406 3142 485 3205 pars
500 3124 543 3187 de
565 3144 660 3189 mora
676 3130 886 3207 quereretnr;
908 3129 1010 3204 atque
1032 3119 1117 3182 adeo
1134 3119 1197 3180 hoo
1220 3120 1272 3198 ip·

185 3241 259 3285 sum
284 3224 328 3286 ad
352 3224 439 3288 hunc
462 3245 515 3289 an.
538 3225 613 3289 Chr.
630 3243 697 3290 cn.
719 3225 924 3288 desinentem
947 3239 1024 3317 esse
1045 3217 1271 3297 referendum

183 3323 367 3404 praesertim
380 3343 455 3389 cum
466 3329 632 3404 caterba,
643 3325 744 3390 modo
755 3345 799 3390 ex
818 3325 881 3408 Ep.
898 3339 966 3387 vu.
979 3321 1011 3385 6.
1026 3317 1201 3404 producta,
1217 3335 1272 3381 os·

186 3421 325 3488 tendant
338 3424 518 3507 Trajanum
533 3429 701 3492 consulem
716 3434 786 3490 tum
809 3445 873 3490 non
894 3424 1008 3500 fuisse,
1022 3440 1098 3486 oum
1114 3417 1272 3484 consules

183 3523 294 3592 omnia
308 3524 437 3606 integra
450 3527 499 3590 illi
514 3528 658 3611 principi
674 3530 898 3592 servaverunt.

229 3621 391 3704 Equidem
417 3624 491 3692 haec
513 3626 638 3692 Vareni
661 3647 764 3692 causa
785 3627 915 3691 videtur
936 3625 1027 3689 illus.
1050 3619 1189 3686 Norisio
1216 3619 1271 3696 ‘in

184 3722 312 3804 aliquot
326 3742 430 3788 annos
445 3729 652 3807 protracta).⁰
687 3729 814 3794 Verum
826 3726 859 3790 id
876 3747 918 3790 ex
933 3724 1120 3788 nolentibus
1134 3719 1194 3782 vix
1209 3734 1270 3780 ex·
1343 3773 1345 3780 .

184 3823 370 3906 torquebit;
393 3845 454 3890 neo
467 3838 556 3906 [sane
571 3849 648 3911 quse
665 3829 738 3912 jam
760 3848 806 3893 ex
820 3828 944 3892 Nostro
960 3821 1151 3889 summatim
1164 3835 1272 3898 expo·

180 3922 328 3999 suimus,
342 3924 520 4009 plusquam
543 3947 674 3993 menses
694 3930 823 4011 aliquot
843 3926 1024 4014 requirunt..
1065 3918 1149 3985 Inde
1168 3918 1269 3983 etiam

183 4028 290 4106 patet,
304 4044 380 4089 eum
393 4028 483 4091 baud
498 4037 660 4095 accurate
676 4031 756 4095 satis
768 4030 892 4114 dicere,
910 4032 925 4092 .‘
935 4031 1035 4091 testes
1050 4041 1095 4087 ex
1109 4019 1271 4104 Bithynia

305 4171 317 4197 ⁰
334 4165 404 4228 llpis.
418 4167 522 4219 Consul·-
535 4185 562 4234 p.
573 4174 614 4221 69.
626 4170 686 4221 Vld.
696 4177 723 4221 et
734 4172 801 4236 Peg.
819 4169 886 4220 crit.
899 4183 940 4219 au.
951 4165 1010 4217 Chr.
1019 4165 1074 4214 lua.
1086 4163 1100 4228 t
1110 4165 1136 4212 a.
