3050 4842
465 403 517 450 un
542 399 819 449 ruunnuninuu
846 399 979 460 rnrurr,
1209 383 1275 450 ⁴20

180 557 208 592 se
227 543 289 592 niiril
311 549 404 592 contra
426 543 495 606 leges
513 541 618 592 secisse.
652 539 789 590 Hactenus
812 540 990 592 tautummodo
1010 539 1086 603 primi
1104 541 1276 605 jurisjurandi

181 628 240 672 acta
258 621 433 685 descripserat
443 621 554 681 Plinius,
570 621 640 670 nulla
658 619 744 670 sdlruc
762 619 892 668 mentione
908 633 996 668 eorum
1011 619 1117 683 injecta,
1137 635 1195 684 quus
1211 622 1275 672 'Pro⁴

175 701 254 762 janus
276 703 301 750 iu
327 704 427 758 rostris,
453 703 516 753 item
533 708 561 751 et
583 715 640 764 quse
663 700 779 749 abiturus
806 700 942 748 consulatu
966 700 1051 762 egerit
1072 701 1275 765 juraveritque;

179 785 270 842 utpote
288 780 320 830 de
340 780 433 844 quibus
452 779 554 830 demum
573 779 600 828 iu
619 779 737 842 sequenti
757 793 815 841 cap.
831 791 893 827 cxv.
913 778 1019 828 disserit
1044 779 1163 840 Plinina;
1190 794 1275 844 nequa

180 865 267 908 samen
285 860 320 909 ibi
336 861 434 910 diserte
446 860 551 922 iudicat,
561 866 646 908 utrum
658 857 797 921 Trajanus,
813 865 840 908 et
853 858 973 920 alterum,
984 863 1012 908 et
1025 860 1130 908 tertium
1145 860 1276 923 jusjumm
1303 870 1309 878 ⁴

178 938 249 995 dnm,
261 946 383 1002 praestate
399 941 488 1004 aliquo,
499 954 531 988 an
547 941 620 1000 salu,
640 939 802 1002 prostiterit·
833 940 867 988 Et
885 953 1031 1002 quanquam
1051 937 1128 988 facila
1147 939 1276 989 conceda·

180 1033 247 1082 mus,
263 1020 401 1082 'i'rajnnum
418 1027 548 1084 postremo
555 1020 667 1082 jurasse,
682 1019 751 1069 nullo
763 1018 896 1081 praebente
908 1019 1110 1082 jusjurandum
1126 1027 1275 1070 nontamen

180 1097 308 1162 ridemus,
319 1102 446 1162 quomodo
464 1100 565 1149 Plinius
573 1100 628 1163 jam
641 1113 699 1162 cap.
717 1112 795 1148 nxrv.
803 1106 912 1162 utraque
925 1097 998 1148 secta
1010 1099 1078 1148 inter
1089 1113 1117 1148 se
1132 1107 1195 1161 apte
1206 1114 1276 1150 come

180 1191 284 1240 parare,
296 1186 374 1244 atque
385 1184 559 1230 narrationem
578 1179 612 1228 de
626 1180 680 1228 scio
692 1179 775 1242 primo
782 1179 950 1242 jurejurando
963 1180 998 1229 ita
1007 1179 1172 1230 concludere
1184 1188 1276 1244 potue·

180 1258 233 1308 rit:
253 1258 409 1323 Nesmeimis,
419 1260 505 1316 risseio,
514 1260 665 1323 pulchriores
674 1259 706 1308 rii
717 1261 792 1320 istud,
803 1261 874 1322 quod,
881 1265 1002 1323 praeunte
1017 1261 1092 1323 nulio,
1103 1275 1135 1309 urs
1146 1261 1196 1316 loc,
1207 1263 1277 1323 puod3

179 1338 227 1388 ulio
234 1340 472 1400 pressulajursati.
504 1341 584 1390 Certe
596 1340 656 1388 talis
667 1340 825 1402 comparatio
838 1339 965 1402 aptiorem
977 1340 1062 1389 iocum
1078 1339 1195 1388 habitura
1213 1339 1276 1390 fuiss

179 1425 222 1467 set
238 1425 297 1484 post
309 1419 388 1469 verita
399 1422 414 1484 t
425 1427 450 1472 ὓ.
466 1435 524 1484 cap.
536 1433 603 1470 exv.
619 1420 628 1448 ⁴
635 1421 729 1484 ltaque
740 1427 768 1468 et
784 1419 899 1468 abiturus
912 1421 1047 1469 consulatu
1054 1421 1159 1483 jurasti,
1170 1427 1198 1469 te
1210 1420 1275 1470 nihil
1360 1447 1362 1452 .

178 1505 268 1548 contra
279 1499 351 1562 leges
363 1499 474 1550 iecisse!
507 1502 565 1551 Nec
579 1507 630 1556 est,
646 1501 713 1564 quod
726 1501 866 1560 existimes,
883 1501 938 1549 istis
950 1500 1034 1549 serbis
1045 1509 1173 1550 oratorem
1187 1499 1275 1550 facere

181 1579 317 1629 transitum
330 1579 362 1630 nd
372 1580 556 1644 jusjurandum
573 1581 724 1643 prorostris
738 1581 899 1642 praestitum
917 1595 974 1629 cum
993 1581 1078 1643 potius
1096 1581 1134 1630 sie
1145 1595 1192 1645 pro
1204 1593 1275 1630 mors

178 1673 226 1708 sno
236 1659 308 1723 qrrari
320 1673 368 1723 per
377 1661 550 1724 epiphonema
560 1660 700 1710 concludat
711 1661 884 1710 narrationem
897 1660 1022 1724 deprimo
1036 1661 1203 1725 jurejurando
1213 1673 1275 1710 cou-

177 1738 267 1794 suiari‚
278 1739 345 1802 quod
355 1740 466 1790 dederat
481 1741 615 1804 Trajanns.
650 1741 761 1792 Quodsi
777 1742 845 1790 enim
863 1740 966 1790 Plinius
987 1741 1026 1789 iria
1039 1739 1123 1790 verbis
1143 1742 1217 1792 simui
1235 1753 1275 1790 tea

179 1817 310 1880 spexisset
329 1819 473 1881 sequeutia,
488 1819 543 1869 siue
556 1819 636 1870 dubio
653 1833 713 1868 mox
724 1819 841 1869 dicturus
854 1819 956 1883 inisset,
973 1822 1048 1869 ‘uam
1065 1821 1090 1869 in
1110 1823 1198 1870 rostris
1211 1834 1276 1885 quo-

179 1911 229 1961 que
241 1897 317 1947 simili
327 1899 453 1962 religione
465 1899 521 1961 ipse
533 1905 560 1950 te
571 1899 672 1962 iegibus
689 1899 842 1962 subjecisti!
876 1900 959 1949 Plane
977 1915 1039 1949 sero
1052 1901 1223 1964 incongruens
1236 1906 1275 1949 cst

179 1977 254 2037 iliud,
266 1992 315 2026 nec
332 1978 363 2026 ari
374 1993 428 2026 rem
446 1981 570 2042 pertinet,
582 1979 650 2043 quod
661 1977 739 2029 affert
755 1979 897 2028 Livineius.
930 1979 957 2028 Is
969 1980 1036 2028 eninr
1048 1980 1128 2028 rerba
1141 1981 1276 2042 haee‚qrrori

175 2062 296 2120 praesim
311 2058 374 2106 auito
386 2057 489 2118 jurarit,
510 2059 541 2106 sd
562 2059 667 2107 tertium
686 2060 846 2108 consulatum
865 2059 970 2121 Trajani
989 2058 1084 2118 tralrit3
1106 2073 1163 2122 quae
1186 2065 1275 2108 autern

177 2143 331 2199 sequuntur,
351 2137 399 2186 ulio
421 2142 541 2199 preeunte
560 2136 663 2198 jurasti,
681 2134 764 2185 refert
788 2136 820 2184 ad
842 2137 984 2186 secuudum
1007 2139 1177 2194 consulatum,
1198 2152 1274 2202 quem

179 2215 306 2276 Trajanus
322 2215 475 2278 imperator,
493 2216 541 2264 suis
559 2217 717 2279 imperatore
738 2224 824 2266 tamen
843 2224 969 2279 gesserat.
1001 2218 1037 2266 At
1052 2219 1193 2281 enimvero,
1204 2225 1231 2267 et
1248 2219 1275 2266 iu

178 2295 226 2344 iroc
238 2308 296 2358 cap.
307 2307 383 2344 nxrv.
395 2303 424 2344 et
438 2296 465 2344 iu
480 2295 658 2358 srrbsequenti,
669 2295 768 2346 Plinius
779 2295 973 2346 evidentissime
985 2297 1039 2360 agit
1051 2296 1083 2346 de
1095 2299 1173 2347 tertio
1184 2311 1273 2347 cousu-

178 2375 232 2422 latu
244 2374 358 2436 Trajani,
368 2381 542 2438 testaturque,
552 2376 621 2424 irnnc
633 2382 659 2424 et
671 2376 865 2438 imperatorem,
877 2384 905 2425 et
917 2377 1070 2439 Augustum,
1083 2385 1110 2426 et
1127 2376 1275 2440 pontificem

178 2454 325 2513 maximum,
336 2468 394 2504 cunr
405 2455 431 2502 iu
443 2456 574 2516 auspiciis,
587 2464 641 2504 tum
654 2456 680 2503 iu
691 2456 764 2504 exitu
776 2457 848 2506 tertii
860 2457 1007 2506 consolatus
1018 2459 1056 2504 sui
1069 2459 1180 2520 jurasse.
1197 2456 1275 2508 Quod

179 2533 247 2581 idem
267 2533 367 2582 Plinius
378 2532 456 2582 etiarn
471 2531 548 2589 inira,
571 2548 630 2597 cap.
647 2547 756 2584 nxxrrr.
769 2539 793 2583 2.
809 2535 892 2583 denuo
904 2536 1004 2584 innuit:
1023 2536 1168 2592 ‘Stabunt’
1185 2536 1277 2599 inquit,

177 2613 186 2640 ⁴
198 2611 330 2661 candidati
342 2620 403 2661 oute
415 2612 530 2662 curulem
543 2613 678 2677 principis,
690 2620 719 2662 nt
738 2614 795 2675 ipse
810 2621 869 2662 aute
881 2615 992 2664 consulis
1003 2622 1124 2670 steterat,
1135 2615 1276 2678 adigeban-

179 2699 274 2756 torqua
292 2694 317 2740 in
335 2691 421 2754 rerba,
438 2692 464 2740 in
477 2707 534 2756 qum
555 2693 632 2754 pauiu
650 2699 711 2740 aute
728 2693 784 2755 ipse
799 2693 935 2754 juraverat
955 2695 1095 2756 princeps;
1113 2695 1156 2758 qui
1173 2699 1275 2744 tantum

181 2779 256 2835 putat
278 2786 335 2820 esse
355 2773 381 2820 in
398 2771 579 2835 jurejurando,
597 2771 706 2820 utillud
728 2776 756 2820 et
776 2770 808 2820 ab
826 2771 882 2820 nilis
904 2771 1010 2834 exiget?
1043 2772 1108 2821 Cum
1126 2786 1188 2821 vero
1210 2773 1275 2822 Tra·

175 2852 263 2914 janus,
279 2851 312 2899 Α.
323 2851 352 2900 C.
365 2855 406 2900 98.
418 2851 527 2901 alterurn
539 2849 654 2912 suscepit
664 2850 838 2912 consulatum,
849 2852 923 2912 plane
936 2864 986 2898 uon
1000 2849 1089 2898 Rorure
1095 2851 1196 2913 jurasse
1205 2851 1276 2900 ride·

179 2939 240 2991 tur;
255 2931 375 2996 qnoniam
388 2938 450 2981 tuuc
462 2928 512 2980 fuit
525 2929 626 2984 absens,
638 2937 665 2980 et
677 2929 703 2978 in
715 2929 871 2979 Germanice
886 2929 1053 2993 expeditione
1070 2943 1155 2979 rerum
1173 2943 1275 2980 suarum

179 3011 284 3074 sategit.
318 3011 377 3061 Alia
397 3017 437 3060 est
456 3010 547 3060 hornus
564 3009 703 3060 verborum
723 3010 875 3073 explicatio,
892 3023 968 3074 quam
987 3009 1138 3072 suppeditat
1157 3010 1275 3072 Lipsiusr

180 3093 298 3153 ‘Capiat
317 3090 436 3148 Plinius‚'
456 3090 550 3155 inquit,
571 3091 699 3139 ‘acumen
722 3089 748 3137 in
768 3089 857 3139 verbo.
891 3090 926 3138 Et
945 3089 1037 3137 mirum
1055 3087 1276 3153 laudandumque,

179 3173 256 3236 quod,
266 3171 335 3220 uulio
345 3171 489 3235 principum
501 3171 620 3233 exemplo
632 3176 777 3233 preeunte,
789 3169 898 3232 jurasti;
917 3176 943 3218 et
953 3171 1000 3217 iroc
1019 3181 1131 3230 ortoque,
1142 3167 1210 3232 quod
1225 3169 1275 3217 alio

179 3253 260 3302 rerba
281 3250 511 3315 praeliaremini
530 3250 573 3299 ilio
590 3250 710 3312 jubente,
725 3249 838 3312 jurasti!
880 3247 956 3297 Hauc
974 3246 1055 3309 Lipsii
1074 3246 1275 3308 explicationem

180 3333 264 3381 secuti
280 3338 341 3380 srrut
359 3329 486 3390 Boudins,
496 3329 621 3388 Bennios,
638 3335 666 3378 et
683 3329 825 3391 (inspersis,
837 3328 910 3392 qussi
930 3327 1029 3376 Plinius
1042 3326 1131 3375 dicere
1146 3326 1274 3376 volneritr

180 3410 318 3460 Affirmare
336 3425 386 3458 uou
407 3422 520 3472 possum,
535 3410 626 3473 plusne
644 3409 726 3458 iendis
751 3409 798 3457 tibi
817 3407 953 3466 debeatur,
968 3406 1036 3470 quod
1057 3406 1127 3455 nulio
1146 3407 1276 3455 Casurum

181 3490 287 3538 aliorum
300 3489 419 3552 exemplo
435 3494 581 3551 preeunte,
592 3487 661 3551 quod
673 3487 821 3549 imitareris,
833 3487 896 3536 istos
907 3487 1026 3550 nutiqnos
1032 3485 1203 3549 jurisjurandi
1215 3500 1276 3536 con·

157 3571 160 3578 '
180 3569 270 3618 solaris
281 3568 346 3618 ritus
355 3568 511 3629 observasti,
524 3582 567 3628 eu,
577 3566 657 3631 qnod,
668 3567 774 3616 consuis
784 3566 864 3618 rerba
873 3574 1017 3630 prreeunte,
1029 3572 1056 3615 et
1067 3565 1139 3629 qnasi
1153 3572 1179 3614 te
1186 3566 1276 3628 jurare

176 3648 412 3710 jubente‚'juresti.
447 3650 592 3712 Utrumque
609 3649 678 3696 enim
697 3645 811 3696 faciebat
831 3649 864 3698 ad
883 3646 1091 3710 exaggerandam
1102 3646 1206 3708 Trajaui
1222 3647 1277 3694 lou·

181 3725 251 3785 dem,
267 3727 377 3775 manime
395 3725 465 3789 qrrod
485 3728 540 3773 sine
560 3726 680 3786 exemplo
698 3738 784 3774 secum
804 3727 921 3780 certarit,
940 3739 1027 3774 secum
1046 3726 1222 3788 contenderit,
1239 3725 1276 3774 nti

180 3805 281 3853 Plinius
301 3813 450 3868 suprscap.
466 3816 529 3852 xrsr·
548 3809 572 3852 5.
591 3803 715 3865 loquitur.
749 3805 847 3853 Verum
864 3813 891 3854 et
909 3805 950 3854 liic
968 3819 1018 3854 uon
1036 3805 1120 3854 nullus
1140 3806 1276 3869 scrupulus

181 3891 310 3947 superest,
331 3884 459 3949 quomodo
482 3883 584 3934 Plinius
604 3883 691 3932 dicere
714 3884 839 3947 potuerit,
860 3883 997 3945 'l'raJauum
1017 3885 1088 3934 nulio
1115 3886 1276 3949 superiorum

182 3965 328 4030 principum
348 3965 469 4027 exemplo
481 3971 626 4027 praeeunte,
639 3962 758 4026 jurasse3
777 3977 834 4012 curu
855 3971 941 4014 tomen
962 3965 1029 4012 Dion
1042 3964 1146 4014 cassius
1165 3965 1212 4012 sub
1229 3965 1277 4014 ini·

184 4047 249 4095 tium
257 4046 302 4096 lib.
312 4058 375 4095 surr.
388 4045 485 4094 diserte
496 4050 618 4106 testetur,
631 4045 803 4094 Octavianum
812 4041 971 4108 Augustum,
987 4043 1012 4092 in
1024 4043 1187 4107 suscipiendo
1198 4043 1278 4106 depo*-

182 4125 318 4190 uendoque
333 4125 469 4176 consulatu
486 4130 571 4188 sexto,
589 4137 647 4172 cum
667 4123 735 4173 ‘alia
752 4124 837 4173 oninia
856 4123 996 4174 secuudum
1015 4121 1136 4172 instituta
1151 4121 1276 4184 majorum

184 4206 285 4272 egisse?
308 4214 362 4258 turn
380 4205 463 4256 luces
486 4218 543 4256 cnm
566 4202 686 4268 Agrippa
706 4203 805 4266 college
821 4217 867 4254 sno
882 4203 1006 4266 partitum
1028 4216 1094 4265 esse,
1111 4203 1157 4264 ita,
1173 4210 1201 4252 ut
1220 4204 1277 4266 ipsa
1311 4197 1313 4207 ⁴
