3022 4852
281 381 306 444 2
732 399 927 448 rrrsrour.

328 539 447 624 Hujus
461 540 597 624 quidem
613 541 751 606 virtutes
763 542 805 605 ad
822 541 1017 608 formandos
1033 545 1312 626 consequentium
1334 564 1380 610 ω-

284 648 391 707 tatum
414 643 533 706 heroas
560 642 622 706 loli
647 643 722 706 orbi
745 647 988 732 proponentem
1022 653 1247 708 verumtamen
1276 647 1318 708 ad
1348 657 1382 710 te

283 744 421 828 proprio
445 743 591 827 quodam
612 741 688 826 jure
713 744 889 826 pertinent,
916 744 997 826 quia
1021 744 1235 809 domesticae:
1261 747 1294 808 in
1318 747 1381 822 his,

284 845 489 928 ubicumque
514 836 732 921 occurrerint,
753 851 918 928 perpetuo
940 847 1208 928 contemplandis
1234 847 1382 910 defixum

285 952 317 1009 te
343 964 420 1009 esse
445 949 598 1028 oportet3
630 944 745 1009 harum
765 951 799 1008 te
825 944 869 1009 ad
886 945 1135 1009 similitudinem
1160 947 1238 1028 fingi
1261 966 1301 1011 ac
1316 948 1383 1011 for·

285 1065 381 1112 marr.

328 1146 383 1210 Ac
398 1145 551 1228 profecto
562 1146 636 1229 jam
654 1150 716 1223 est,
738 1165 798 1210 cur
823 1146 1047 1211 invictissimo
1069 1147 1210 1214 Parenti
1232 1156 1302 1227 luo,
1327 1171 1384 1214 cur

286 1248 398 1326 nobis,
413 1248 541 1331 totique
555 1246 681 1311 Gallim
706 1248 928 1330 gratulemur3
951 1265 1029 1312 nam
1050 1249 1118 1313 oris
1141 1251 1199 1317 illa
1219 1254 1383 1329 suavitas,

285 1358 412 1414 tenerae
427 1348 536 1413 adhue
550 1348 670 1414 frontis
688 1350 859 1434 majestas,
872 1349 985 1433 pietas
999 1350 1033 1414 in
1048 1349 1170 1428 Deum,
1193 1355 1385 1437 candorque

287 1452 399 1527 animi,
416 1449 618 1514 indefessum
633 1451 804 1515 literarum
820 1450 980 1525 studium,
995 1453 1030 1515 iu
1045 1452 1196 1517 literatos
1213 1455 1303 1517 viros
1325 1456 1385 1518 hu·

286 1553 444 1629 manitas,
460 1568 555 1614 acres
571 1550 613 1613 ad
638 1551 687 1613 rei
705 1551 857 1615 militaris
880 1551 1022 1632 gloriam
1041 1554 1197 1635 impetus,
1222 1575 1315 1638 spem
1338 1556 1387 1620 la·

288 1654 381 1718 ciunt
395 1653 495 1715 nobis
509 1651 745 1726 certissimam,
762 1651 907 1716 futurum
919 1651 999 1714 olim
1014 1658 1053 1714 ut
1064 1657 1273 1734 paternarum
1284 1676 1389 1721 aemu-

288 1756 413 1818 latione
428 1752 601 1827 virtutum,
616 1769 680 1815 non
696 1751 798 1815 modo
815 1759 946 1816 veteres
962 1752 1038 1816 illos
1061 1752 1299 1836 Imperatores,
1317 1759 1388 1835 sed,

290 1855 383 1941 quod
399 1852 443 1918 ad
458 1852 653 1917 felicitatem
669 1853 795 1918 Galliae
814 1851 918 1916 multo
938 1859 993 1918 est
1013 1856 1177 1936 optatius,
1199 1861 1298 1923 nobis
1318 1861 1389 1924 Lu·

290 1957 449 2022 doricum
471 1954 648 2036 Magnum,
663 1961 809 2037 quantus
829 1959 972 2035 quantus
994 1960 1059 2033 est,
1079 1957 1317 2039 perfectissime
1338 1982 1389 2026 re·

290 2063 487 2143 praesentes.

331 2157 496 2222 Idunum
512 2156 592 2220 milri
612 2162 715 2220 restat
734 2156 931 2240 optandum,
947 2164 986 2224 ut
1000 2159 1074 2226 haee
1092 2181 1168 2226 mea
1189 2164 1391 2248 qualiscum-

292 2279 357 2343 que
372 2276 476 2340 opera
490 2257 532 2320 iis
548 2256 739 2338 adjumento
757 2277 833 2322 esse
848 2260 971 2342 possit,
983 2261 1107 2345 quibus
1116 2264 1189 2345 ipse
1207 2264 1391 2347 aliquando

291 2362 389 2440 longe
406 2357 560 2423 uberiora
575 2363 610 2420 et
624 2360 857 2440 praestantiora
871 2362 1145 2444 panegyricorum
1160 2365 1394 2447 suppeditabis

292 2465 494 2542 argumenta.

447 2736 559 2787 Lutetiae
578 2737 745 2790 Parisiorum.

360 2815 419 2864 Kal.
433 2817 563 2867 Noverat).
575 2833 641 2868 anno
655 2833 831 2872 rr.1>c.r.xxvr.
