3050 4842
447 389 500 435 no
524 381 805 437 nannounmun
830 380 962 438 aarum
1019 338 1023 346 ¹
1186 363 1261 428 413-

152 533 341 600 possessiouem
352 543 452 590 eoram,
463 543 532 594 mse
549 527 654 591 quidem
673 534 702 576 et
721 533 783 579 ente
801 524 959 586 habuerunt,
970 521 1189 584 asunvopstra.
1201 531 1254 570 nou

150 615 256 676 libem
277 613 389 676 ideoque
399 625 487 674 neque
498 610 550 685 ulio
569 607 640 656 iacto
656 606 808 668 perentibus
826 605 1016 664 insumerent
1032 602 1253 666 §prorumpunt

152 703 180 746 et
190 695 254 742 oiim
266 692 391 744 dominos,
403 700 431 743 ut
445 689 523 740 docet
535 689 553 738 i
563 692 603 738 ll.
615 685 643 736 ff.
656 687 688 736 de
698 685 787 740 Liber.
803 693 831 740 et
846 691 904 749 post
914 684 976 732 haer.
987 683 1070 732 instit.
1082 687 1111 731 et
1120 683 1137 730 i.
1149 686 1173 730 t.
1182 680 1209 730 ff.
1218 682 1262 732 de·

152 772 347 826 Boudorunst.

549 945 736 997 EXCURSUS
753 942 866 996 'xnttt
932 969 936 976 -

165 1117 254 1166 ·'·Gse.
267 1127 380 1165 xxxvii.
391 1116 416 1161 t.
434 1111 542 1160 Eandem
557 1108 733 1158 immunitatem
742 1109 770 1157 is
778 1107 885 1172 paternis
895 1106 961 1156 bonis
971 1106 1028 1172 Jitio
1046 1105 1139 1169 tribuit,
1154 1105 1256 1154 simodo

151 1199 264 1246 motus
273 1201 333 1244 esset
344 1195 370 1242 in
379 1193 456 1255 putris
466 1193 615 1253 potestatem.
646 1189 677 1237 In
688 1189 733 1236 'iris
745 1187 832 1236 serbis
845 1187 930 1236 Faber
941 1186 1104 1235 Seniorisnus
1115 1185 1262 1246 tegendum·

152 1276 255 1326 censuit
265 1277 376 1324 mustus
385 1276 455 1320 esset.
497 1269 571 1321 Idem
583 1268 676 1317 ststnit
690 1267 780 1330 ciriae.
793 1266 968 1316 observet-'x.
978 1269 1020 1316 te.
1032 1279 1108 1330 quem
1124 1267 1208 1314 locum
1220 1265 1261 1313 ex'

150 1356 251 1406 indicio
262 1352 399 1415 Bougsrsii
412 1351 467 1413 jsm
479 1348 613 1398 annotavit
623 1347 764 1397 Gruterus.
797 1345 847 1394 ine
860 1359 923 1394 vero
939 1345 1071 1409 (injurius,
1088 1344 1141 1394 ‘Et
1156 1344 1174 1393 ii
1189 1343 1264 1403 fitia*
1297 1335 1299 1342 '

150 1436 246 1502 inquit,
256 1433 322 1496 ‘qni
337 1434 363 1480 in
375 1435 506 1494 potestste
524 1427 612 1490 patria
632 1439 735 1488 seniper
746 1423 867 1485 suerunt,
884 1423 983 1472 reducti
992 1413 1121 1472 'dieantur
1131 1423 1158 1471 iu
1171 1421 1263 1485 patris*

151 1519 310 1580 poteststem
322 1511 401 1560 Pttott
413 1509 587 1572 Panegyrico,
604 1507 665 1555 dum
680 1507 799 1554 'Nervam
815 1503 898 1553 refert
917 1503 1103 1552 immunitatem
1121 1503 1264 1552 vicesimse'

150 1596 205 1646 titio
223 1594 328 1643 dedisse
345 1591 393 1641 tub
411 1591 460 1638 irae
479 1587 644 1650 exceptione,
662 1588 684 1634 ri
702 1587 770 1634 modo
785 1587 894 1634 reduetus
907 1589 967 1634 esset
979 1585 1005 1632 in
1018 1585 1096 1646 putris
1105 1585 1260 1646 potestatem.¹

153 1677 281 1734 Mutus,
291 1688 353 1736 uon,
364 1679 395 1722 ut
407 1671 492 1732 vulgo,
504 1671 632 1719 reduetus:
642 1677 718 1731 quern
732 1667 808 1729 psnio
820 1676 880 1728 post
893 1665 1076 1728 exceptionem
1087 1663 1126 1711 iris
1137 1662 1256 1724 explicat

152 1757 255 1806 res-iris:
277 1755 314 1802 ‘si
327 1753 403 1802 modo
416 1751 484 1800 fitius
502 1751 529 1797 in
544 1749 627 1813 patris
639 1754 770 1810 potestate
782 1745 909 1796 fuisset.”
933 1745 985 1795 Sed
1000 1745 1060 1794 iurie
1079 1744 1263 1794 emendationi

152 1837 237 1886 nntius
248 1833 426 1899 nequeeodex
439 1831 491 1880 Ma.
502 1843 586 1892 neque
598 1828 666 1876 iiber
677 1827 819 1889 impressus
833 1825 916 1874 adhuc
928 1825 1015 1884 favet3
1028 1839 1112 1888 neque
1123 1839 1154 1873 ea
1165 1837 1254 1873 neces·

152 1918 221 1966 saria
231 1921 281 1964 est.
317 1912 415 1962 Eadem
426 1913 494 1960 enirn
507 1911 608 1958 ratione
621 1909 642 1957 is
661 1905 789 1965 ‘reduci’
802 1914 846 1955 aut
862 1905 995 1954 ‘recidere
1006 1905 1031 1952 in
1044 1904 1155 1966 patriam
1169 1911 1264 1964 potes-¹

152 2001 234 2046 tstem
243 1996 253 2028 '·
263 1995 315 2043 diei
327 1999 427 2056 potest,
442 1993 485 2054 qni
497 1985 645 2038 iu'esndem
657 1987 754 2036 dicitur
771 1985 890 2048 ‘redigi'
922 1987 1016 2048 Neque
1027 1997 1088 2032 sero
1101 1982 1200 2031 Plinius
1212 1981 1254 2030 hie

151 2079 269 2140 inanitur
279 2075 354 2124 de²iis
365 2073 409 2138 qui
419 2068 612 2134 ⁴semper-inere
624 2071 650 2117 in
663 2075 797 2131 potestate
812 2068 909 2129 patris3
928 2065 974 2113 sed
987 2064 1019 2114 de
1031 2063 1061 2111 iis
1076 2063 1120 2126 qui
1133 2067 1264 2126 quocum·¹

153 2165 203 2221 qne
215 2156 294 2205 niodo
305 2161 379 2204 eittrs
395 2151 505 2202 esndem
524 2149 646 2209 irretent3
663 2163 695 2198 ae
713 2149 872 2210 potissimum
892 2145 999 2208 respicit
1018 2143 1113 2192 liberos
1128 2155 1254 2190 novorum

152 2238 257 2294 cisium,
274 2234 362 2298 quiex
371 2233 431 2294 jure
441 2229 582 2280 Quiritium
594 2241 643 2276 non
656 2233 731 2276 erent
743 2227 769 2276 in
780 2231 910 2289 potestate
922 2225 1014 2289 patris,
1025 2237 1108 2287 neque
1117 2223 1161 2286 jus
1172 2221 1256 2270 irere-

152 2316 245 2366 ditstis
255 2313 401 2372 hairebsut,·
409 2309 457 2358 nisi
469 2314 497 2356 et
508 2307 557 2370 ipsi
570 2307 702 2355 eiritstens
720 2309 872 2362 Romanum,
887 2311 919 2350 st
930 2311 1057 2362 proterea
1065 2303 1268 2362 jus-nogareto·

152 2396 399 2457 stisimpetressent.
442 2389 525 2436 Erant
536 2385 640 2450 quidem
653 2384 678 2431 in
696 2388 827 2445 potestate
844 2381 928 2443 patris
940 2379 1015 2428 liberi
1028 2379 1071 2441 qni
1084 2379 1268 2428 nascebantur

152 2482 212 2540 post
224 2475 311 2522 ustam
323 2469 473 2534 parentibus
485 2465 639 2524 ciuitatem
658 2472 718 2510 aute
737 2459 820 2523 geniti
838 2473 889 2509 nou
907 2465 993 2512 erent,
1009 2458 1059 2505 nisi
1072 2473 1086 2504 a
1098 2457 1265 2518 principeiri

150 2556 195 2619 jnr
217 2569 248 2603 se
267 2551 431 2616 priviteginm
449 2545 586 2596 consecuti*
598 2547 693 2591 essent.
727 2541 759 2589 Id
782 2538 850 2603 qnod
871 2538 919 2586 viri
936 2536 1032 2584 eruditi
1047 2536 1102 2598 jem
1121 2537 1154 2584 ad
1174 2533 1255 2584 Plinii

153 2635 239 2698 Epist.
257 2647 286 2682 x.
301 2636 327 2682 θ.
341 2637 414 2680 reete
431 2627 609 2677 observarunt.
644 2620 696 2671 Sed
712 2621 734 2669 si
752 2620 808 2684 quis
827 2623 926 2680 qrsserat
938 2615 1065 2679 quomodo
1077 2613 1145 2662 iiiins
1157 2615 1266 2662 Latinae·

153 2716 196 2764 vei
209 2712 352 2776 peregrine
370 2706 525 2758 conditionis
543 2703 596 2752 dici
607 2701 728 2764 potuerit
745 2700 858 2748 reduetus
875 2697 902 2744 in
916 2699 1057 2759 potestatem
1070 2693 1159 2756 patris,
1178 2694 1200 2740 si
1213 2695 1257 2742 vei

154 2796 267 2844 maxime
279 2790 441 2839 demumisoo
450 2787 494 2849 jus
506 2781 686 2848 impetraverit
695 2796 703 2841 ς
713 2793 771 2830 cnm
781 2787 911 2840 nunqnam
922 2783 998 2824 entes
1004 2774 1065 2838 jure
1077 2773 1219 2823 Quiritium
1229 2773 1255 2820 in

154 2891 186 2924 ee
205 2878 334 2936 potestate
345 2868 449 2928 fuisset,
461 2865 578 2928 adeoque
590 2862 668 2912 etiam
683 2869 748 2923 turn,
759 2873 818 2908 curn
830 2863 988 2906 consecutas
1000 2859 1070 2903 esset
1081 2853 1130 2901 hoo
1140 2853 1192 2915 jus,
1204 2865 1257 2900 non

153 2956 274 3006 reduntur,
286 2950 332 2999 sed
346 2957 444 2998 tantum
457 2943 589 3005 ‘duetus,’
601 2949 646 2990 ant
664 2949 673 2971 ¹
685 2936 977 2999 deductrts,’·sideretur
988 2932 1130 2993 dicendus;
1149 2945 1260 2997 respon·-

155 3037 217 3096 deo,
229 3047 279 3081 nou
290 3045 347 3079 esse
359 3042 405 3078 cnr
417 3033 537 3090 putemus
546 3025 617 3072 ilium
625 3023 754 3070 duntaxat
763 3018 816 3067 diei
827 3013 944 3078 ‘redigi'
955 3014 1017 3084 ent‘
1029 3012 1117 3062 reduci
1129 3012 1155 3061 in
1168 3019 1257 3075 potes·

155 3123 237 3170 tatem
255 3108 356 3176 patris,'
372 3109 415 3172 qui
435 3106 588 3160 assuimus,
605 3117 693 3152 rnrsns
703 3102 731 3150 in
743 3099 850 3148 eandem
862 3096 1031 3152 restituatur3
1050 3093 1109 3156 quis
1126 3091 1201 3145 et'is,
1214 3091 1266 3154 qui

155 3196 269 3262 primum
286 3189 395 3239 venitin
407 3191 566 3251 potestatem
579 3181 669 3245 petris,
681 3180 706 3230 iu
719 3192 775 3228 earn
789 3173 913 3224 ‘reduci'
925 3173 976 3221 dici
992 3178 1088 3236 potest.
1108 3169 1258 3220 ¹Particnia

156 3275 226 3325 enim
237 3275 246 3302 ⁴
257 3271 301 3320 re’
313 3272 339 3319 in
351 3267 500 3330 compositis
512 3279 564 3313 non
583 3276 686 3324 semper
704 3258 825 3321 designat
837 3252 976 3304 reiterandi
990 3259 1089 3310 actum,
1102 3257 1147 3300 eut
1157 3247 1270 3320 siiquidl'

157 3355 232 3405 addit
244 3353 277 3401 ad
285 3349 397 3415 ,simplex
407 3363 415 3409 ;
427 3349 464 3396 uti
476 3347 501 3393 in
514 3344 599 3393 verbis
612 3337 790 3402 ‘resciscere,'
801 3339 809 3366 ⁴
820 3328 952 3394 resereri‚'
962 3334 971 3360 ‘
981 3329 1116 3394 recipere,'
1129 3343 1153 3376 r.
1163 3344 1188 3391 g.
1199 3337 1225 3377 et
1237 3329 1259 3376 is

157 3436 255 3484 dieitur
266 3430 363 3494 ‘recipi
375 3429 400 3476 in
414 3423 564 3485 civitatem,'
580 3423 623 3470 ‘iu
636 3415 731 3474 tidem,'
750 3419 758 3446 ‘
771 3411 952 3474 in‘ditionem,’
966 3419 1009 3459 sut
1021 3411 1029 3436 ‘
1039 3399 1266 3470 familiaritatem*

158 3514 239 3580 quiin
250 3527 284 3562 ea
294 3509 405 3559 antehac
415 3518 546 3568 nunqnam
556 3501 616 3551 tuit.
641 3500 707 3552 Quae
719 3511 776 3547 cum
788 3495 826 3544 ita
837 3495 897 3550 sint,
910 3507 959 3542 nec
968 3506 1034 3554 opus
1046 3490 1097 3539 erit
1108 3488 1269 3553 conjecture‘

158 3593 280 3647 Livineii.
292 3591 336 3655 qui
348 3589 373 3636 in
385 3587 502 3646 margine
517 3583 638 3632 editionis
652 3595 707 3632 suae
723 3577 871 3628 annotavit:
892 3573 990 3624 ‘Forte
1001 3571 1149 3636 tegendum,
1160 3570 1182 3618 si
1192 3571 1269 3618 morio*

157 3674 256 3724 reticius
265 3676 326 3721 esset
337 3671 363 3719 in
369 3667 448 3732 putris
454 3661 590 3730 potestate?

556 3879 746 3936 Excunsus
764 3878 865 3930 XLIV.

194 4059 264 4110 Cne-
276 4067 359 4106 xn111.
370 4057 394 4108 l.
411 4052 443 4100 In
452 4051 532 4102 eodem
546 4019 633 4111 genere
646 4015 834 4108 ponendorum,
850 4039 910 4104 qnod
926 4007 1068 4089 testamento
1083 4036 1164 4084 nostro
1178 4045 1270 4100 sertimiv

160 4145 225 4198 sunt,
235 4153 279 4186 neo
289 4151 349 4186 unus
364 4135 475 4191 omniurn,
486 4143 606 4192 nunqsnm
616 4129 727 4190 scriptus,
737 4126 813 4184 ireres
823 4137 855 4172 es.
885 4120 950 4172 Haen
957 4115 1107 4180 posteriore
1118 4111 1197 4170 rerba
1209 4112 1260 4161 Pu·

161 4213 462 4282 teoianus‚,B.eroatdrrs.
482 4211 621 4263 Cetsnuens
640 4209 669 4266 in
687 4207 791 4264 Veneto
808 4213 835 4264 et
852 4195 1049 4262 Geuevenqibus
1062 4192 1270 4258 erempiapibus„
