3022 4852
620 361 864 414 nrsruramo.
1246 349 1285 415 tt

196 505 392 590 poeuitebat.
436 505 542 573 Nulla
563 507 716 590 adoptati
739 529 817 573 cum
838 527 892 586 eo,
915 509 973 591 qui
994 509 1190 592 adoptabat,
1212 527 1291 592 cog·
1412 574 1415 580 .

196 610 303 685 natio,
318 607 410 671 nulla
429 610 664 690 necessitud03
684 611 751 672 nisi
773 609 863 692 quod
883 617 1022 692 uterque
1042 611 1191 692 optimus
1208 618 1291 690 erat,

198 709 387 791 dignusque
401 709 484 772 alter
501 708 593 791 eligi,
608 711 691 773 alter
703 712 831 793 eligere.
850 752 858 770 .
875 756 885 774 .
902 753 911 772 .
927 709 1002 774 Nee
1017 711 1116 776 decet
1129 712 1226 775 alitor
1237 729 1291 775 as·

198 809 296 887 sumi,
312 812 342 873 si
363 816 555 874 assumatur
568 831 591 876 a
605 811 782 896 Principe!
825 813 910 896 Gap.
932 827 1042 876 xnvr.
1071 811 1292 894 ‘Castigare-

197 920 277 974 rnnt
302 912 387 976 vitia
410 931 475 974 sua
500 912 578 994 ipsi,
604 915 665 996 qni
689 915 847 996 castigari
870 915 1097 978 merebantur:
1125 913 1293 996 iidemque

198 1012 434 1090 emendatores,
466 1015 526 1095 qni
554 1014 750 1078 emendandi
777 1013 921 1079 luerunt.
977 1014 1097 1097 Itaque
1124 1031 1220 1077 nemo
1249 1013 1292 1077 da

197 1115 375 1178 severitate
397 1119 457 1177 tun
480 1115 637 1196 queritur,
659 1123 695 1178 et
716 1116 858 1180 liberum
879 1125 933 1180 est
956 1115 1072 1199 queri.2
1115 1115 1204 1179 Haec
1226 1115 1292 1178 sin·

197 1215 288 1294 gula,
309 1222 343 1279 et
365 1233 425 1298 per
447 1217 629 1280 orationem
655 1215 818 1298 dispersa,
841 1235 918 1280 cum
944 1218 1065 1280 virtute
1089 1215 1292 1294 dicerentur3
1405 1271 1408 1278 .

197 1317 256 1378 sed
278 1315 326 1380 ita
347 1317 524 1400 conjuncta
544 1317 654 1380 lusum
676 1317 823 1400 produnt
844 1319 986 1382 oratoris
1007 1318 1167 1400 gravitate
1185 1317 1292 1397 indig-

197 1435 289 1492 uum,
303 1418 490 1500 praesertim
506 1436 582 1481 cum
596 1418 721 1483 similia
735 1418 860 1502 ubique
874 1423 1056 1482 recurrant.
1080 1416 1166 1499 Gap.
1180 1430 1292 1479 xxrv.

197 1521 210 1554 ¹
222 1517 412 1581 incedebas
434 1519 590 1601 pedibus,
620 1519 770 1584 incedis:
796 1520 970 1584 laetabaris
991 1519 1118 1594 labore,
1145 1519 1294 1582 laetaris!

198 1617 284 1701 Cap.
308 1633 436 1682 xxxv·
455 1620 488 1682 3.
508 1621 746 1704 ‘timeantque‚
764 1629 926 1703 quantum
948 1617 1165 1685 timebantur!
1208 1619 1293 1704 Cap.
1348 1607 1352 1614 ⁴

198 1735 281 1782 xer.
303 1725 314 1756 ‘
329 1720 517 1804 Postquam
531 1741 594 1785 non
610 1730 673 1799 est,
688 1723 744 1786 eui
757 1725 949 1800 suadeatur,
963 1724 1022 1806 qui
1043 1722 1208 1786 suadeant
1226 1740 1293 1786 uon

197 1822 295 1885 suut!
339 1822 426 1904 Gap.
448 1839 524 1886 btv.
546 1824 753 1907 ‘Incipimus
775 1823 863 1903 inde,
887 1825 1074 1888 desinimus
1096 1824 1154 1899 ibi,
1177 1843 1199 1886 a
1220 1843 1292 1907 quo

200 1923 316 2004 incipi,
330 1925 363 1986 in
387 1942 455 2005 quo
470 1923 575 1987 deslui
594 1926 656 1988 sub
677 1926 744 1990 alio
764 1925 923 2009 Principe
943 1945 1008 1989 uon
1025 1923 1163 2007 posset!
1207 1923 1291 2006 Gap.

199 2039 354 2087 cxxxv.
368 2033 446 2107 post
466 2025 579 2107 plnres
597 2027 695 2110 hujus
710 2029 838 2107 generis
852 2028 949 2092 lusus
964 2047 993 2092 s.
1008 2027 1040 2090 7.
1057 2027 1182 2109 pergit:
1209 2025 1252 2090 ‘J
1255 2045 1293 2088 u·

197 2124 437 2189 cundissimum
458 2134 510 2191 est
528 2128 564 2195 iu
586 2129 684 2192 rebus
703 2129 857 2194 humanis
877 2131 993 2208 amari,
1015 2128 1160 2192 sednon
1181 2127 1293 2190 minus

198 2243 327 2290 amare:
350 2245 488 2309 quorum
510 2234 653 2311 utroque
674 2230 875 2307 ita-frueris,
890 2239 938 2308 ut,
952 2249 1028 2294 cum
1048 2229 1121 2312 ipse
1135 2228 1292 2292 ardentis·

198 2329 281 2392 sime
295 2315 436 2409 diligas,
451 2329 562 2394 adbuc
585 2339 698 2393 tamen
718 2332 887 2396 ardentius
908 2329 1078 2413 diligaris!
1120 2329 1292 2394 Interdum

197 2435 320 2506 mmen,
335 2450 376 2494 no
392 2431 474 2512 quid
494 2431 715 2510 dissimulem,
729 2433 864 2498 laudem
884 2439 1025 2498 meretur
1038 2433 1115 2511 tulis
1131 2430 1293 2513 repetitio.

198 2529 282 2614 Cap.
299 2549 334 2596 v,
358 2531 580 2597 ‘Recusabas
594 2534 680 2596 enim
695 2534 878 2617 imperare;
901 2534 1094 2608 recusabas,
1111 2531 1293 2615 quoderat

197 2634 283 2696 bene
309 2631 520 2715 imperaturi!
564 2634 649 2717 Gap.
671 2650 728 2697 rx.
752 2636 840 2698 ‘nisi
861 2635 953 2717 quod
976 2634 1095 2697 meruit
1115 2640 1150 2694 ct
1171 2631 1293 2713 paruit.

199 2733 347 2798 Paruisti
371 2732 484 2810 enim,’
508 2738 569 2798 &c
612 2734 698 2817 Cap.
727 2751 834 2798 nxvr.
855 2733 1005 2819 ‘Neque
1030 2735 1117 2798 euim
1143 2749 1292 2815 unquam

198 2836 363 2918 deceptus
377 2842 432 2898 cst
449 2835 627 2920 Princeps,
643 2838 707 2901 nisi
727 2837 786 2920 qui
807 2837 901 2919 prius
918 2839 994 2921 ipse
1008 2833 1164 2918 decepit!
1207 2832 1294 2915 Gap.

199 2953 341 3000 nxvrn.
365 2936 463 3000 ‘Scis
486 2937 548 2999 tibi
569 2938 694 3020 ubique
707 2938 824 3021 jurari,
846 2957 922 3002 cnm
944 2939 1018 3021 ipse
1034 2937 1200 3020 juraveris
1223 2953 1294 2999 om-

197 3037 319 3101 uibus?
361 3037 402 3100 In
426 3036 593 3119 prioribus
613 3039 746 3103 duobus
766 3039 936 3120 exemplis
954 3040 1133 3120 repetitum
1155 3037 1291 3099 verbum

197 3137 335 3222 Trajani
360 3137 493 3202 landem
520 3146 637 3218 anget3
664 3140 698 3202 in
717 3139 955 3221 posterioribus
980 3155 1119 3200 cansam
1146 3137 1218 3219 ojus
1244 3137 1294 3199 rei

198 3240 356 3314 eontinet,
371 3237 414 3302 de
430 3257 498 3320 qua
513 3239 634 3320 agitur.

201 3367 206 3376 ·
243 3339 454 3421 Peripbrasis
470 3347 676 3424 quantopere
691 3341 843 3422 gravitati
858 3340 1017 3405 inserviat
1031 3343 1062 3403 et
1075 3338 1295 3422 perspicuita-

198 3441 237 3516 ti,
248 3446 390 3504 constat.
435 3439 519 3522 Ejus
531 3443 619 3505 enim
632 3461 768 3506 munere
780 3461 894 3506 omnes
906 3461 1011 3506 rerum
1025 3442 1293 3522 gravissimarum

198 3549 321 3626 partes,
337 3561 415 3626 qnae
431 3561 518 3604 nunc
530 3543 742 3624 potissimum
759 3541 949 3624 cogitandae
965 3550 1053 3620 sunt,
1068 3542 1186 3606 lectori
1201 3561 1293 3606 seor-

200 3661 276 3706 sum
305 3642 499 3725 spectandae
529 3649 773 3726 propounntur,
800 3650 838 3706 ut
863 3644 1009 3707 notionis
1039 3642 1202 3705 involutae
1226 3642 1294 3704 vim

199 3760 330 3808 omnem
346 3745 484 3808 sentiat.
529 3744 692 3809 Horatius
712 3765 745 3809 v.
761 3763 790 3807 o.
808 3763 886 3809 cum
902 3762 928 3808 1.
942 3743 1006 3827 Ep.
1022 3745 1054 3808 1.
1073 3743 1130 3807 25.
1144 3761 1221 3824 sqq.
1236 3741 1294 3806 do·

199 3846 325 3909 clarere
345 3845 458 3920 vellet,
486 3844 722 3929 philosophiae,
745 3846 789 3912 ad
811 3866 910 3931 quam
930 3845 1134 3910 tractandam
1160 3845 1232 3926 ipse
1256 3861 1294 3908 se

198 3945 384 4022 contulerit,
400 3946 546 4009 studium
562 3965 693 4010 summa
711 3967 790 4012 esse
809 3947 964 4023 utilitate,
985 3948 1059 4012 sola
1075 3945 1294 4009 circumlocu-

198 4046 287 4111 tione
310 4047 346 4110 id
373 4046 483 4111 efficit.
528 4047 697 4127 Graviter,
725 4051 844 4132 inquit,
868 4069 933 4130 ago
955 4049 1031 4124 tid,
1060 4046 1149 4130 quod
1180 4047 1293 4130 AEquc

199 4149 406 4231 pauperibus
422 4147 577 4233 prodest,
599 4150 827 4236 locupletibus
844 4169 952 4234 aeque,
972 4149 1084 4232 AEque
1104 4149 1292 4232 neglectum
