3088 4848
236 333 301 400 tut
595 351 628 398 c.
651 348 773 398 euruu
797 348 964 398 suouunr

236 495 378 570 solutus,
391 493 484 578 cujus
500 511 566 557 non
580 491 858 575 occupationibus
868 493 984 575 aliqua
996 493 1130 576 species
1139 497 1327 564 severitatis

235 597 408 661 insideatl
457 593 538 658 Otio
569 594 748 678 prodimur.
791 593 846 660 An
874 614 943 659 non
973 597 1125 680 plerique
1156 600 1330 683 principes

235 697 299 762 hoc
324 698 412 761 idem
438 702 567 781 tempus
590 698 625 760 in
648 698 767 774 aleam
790 705 919 781 stupra,
941 701 1070 777 luxum,
1094 701 1328 768 conferebant'l

236 819 310 864 crim
340 800 502 863 seriarum
532 799 722 864 laxamenta
747 819 900 865 curarum
932 801 1085 866 vitiorum
1114 805 1329 866 contentione

236 899 440 982 supplerent.

280 1000 371 1066 Cur.
384 1017 561 1066 Lxxxur.
596 1004 628 1066 1.
653 1003 768 1068 Habet
787 1003 852 1068 hoc
867 1002 1031 1086 primum·
1054 1024 1174 1088 magna
1187 1005 1328 1080 fortuna,

236 1103 328 1184 quod
346 1103 429 1168 nihil
449 1109 582 1180 tectum,
605 1104 686 1169 nibil
705 1105 875 1169 occultum
889 1125 965 1169 esre
979 1106 1122 1190 petitur:
1145 1107 1332 1189 principum

237 1222 318 1268 vero
332 1223 399 1268 non
412 1203 512 1269 niodo
527 1205 656 1276 domos,
668 1206 726 1269 sed
739 1205 897 1271 cubicula
907 1207 993 1290 ipsa,
1003 1208 1206 1291 intimosque
1218 1225 1331 1271 seces-

238 1324 298 1370 sus
318 1304 469 1382 recludit,
495 1307 671 1389 omniaque
693 1323 815 1372 arcana
838 1309 1011 1373 noscenda
1034 1309 1133 1374 iarnae
1161 1309 1330 1391 proponit,

238 1419 342 1492 atque
371 1409 533 1491 explicat.
577 1410 645 1474 Sed
676 1411 751 1487 tibi,
783 1411 910 1488 Caesar,
937 1411 1019 1476 nibil
1045 1412 1331 1477 accommodatius

236 1511 334 1576 inerit
357 1512 398 1574 ad
419 1511 568 1592 gloriam,
589 1531 690 1595 quarn
707 1512 839 1594 penitus
853 1514 988 1596 inspici.
1033 1513 1066 1576 2.
1088 1514 1174 1576 Sunt
1197 1513 1330 1597 quidem

237 1614 414 1698 praeclara,
439 1632 515 1695 quae
538 1613 572 1676 in
597 1613 768 1696 publicum
797 1615 944 1697 profers3
966 1615 1111 1680 sednon
1133 1615 1258 1679 minora
1279 1632 1330 1686 ea,

238 1735 313 1798 quae
333 1714 446 1778 limine
474 1722 601 1778 tenes*
643 1713 705 1778 Est
732 1715 954 1797 magnificum,
986 1716 1078 1801 quod
1106 1724 1139 1780 te
1167 1715 1210 1778 ab
1242 1715 1330 1778 omni

239 1816 436 1900 contagione
462 1814 615 1880 vitiorum
639 1815 792 1897 reprimis
817 1836 859 1881 ac
886 1836 1048 1898 revocas;
1085 1817 1147 1882 sed
1178 1815 1333 1897 magnili-

239 1917 378 1994 eentius,
399 1916 492 1999 quod
514 1924 601 1980 tuos.
645 1915 678 1978 3.
699 1913 837 1993 Quanto
863 1918 950 1981 enim
976 1920 1083 2001 magis
1107 1917 1248 1983 arduum
1266 1923 1329 1991 est,

238 2019 323 2083 alios
346 2025 530 2101 prestare:
562 2035 663 2100 qnam
692 2035 739 2094 se,
765 2023 858 2082 tanto
887 2017 1105 2098 laudabilius,
1129 2018 1232 2102 quod,
1258 2036 1333 2082 cum

271 2177 290 2202 ¹·
308 2167 513 2230 Quoedomr'agr'r.
841 2175 855 2201 ⁸
874 2169 1061 2234 Bouorrffirere.

238 2371 319 2420 dictur
337 2367 508 2418 Scbuurniuu.
540 2369 660 2418 Gesnero
670 2369 710 2419 hic
727 2384 811 2434 neque
829 2369 928 2432 incidat,
938 2369 1005 2432 quod
1020 2375 1104 2419 tomen
1117 2369 1242 2434 prodidit,
1253 2369 1339 2420 Cella·-

240 2437 305 2485 riuru
318 2442 434 2494 secutus,
444 2447 526 2498 neque
537 2433 648 2494 inrident,
659 2435 800 2494 retinente
819 2435 863 2483 sed
876 2436 962 2497 placet
975 2448 989 2482 e
1002 2435 1161 2497 conjectura,
1172 2436 1260 2496 species
1269 2451 1333 2484 seete

239 2500 322 2548 ritulis
340 2496 416 2548 iuuit?
449 2497 489 2548 An
508 2498 556 2547 otio
568 2500 708 2560 prodimur?
740 2499 822 2548 Codd.
834 2499 917 2547 Parin.
929 2498 1037 2546 Venett.
1050 2502 1074 2548 1.
1085 2502 1109 2546 2.
1126 2499 1219 2548 Patau.
1232 2507 1260 2548 et
1271 2500 1335 2548 Euo.

240 2563 315 2613 l'ous.
325 2564 359 2612 Ar
369 2576 415 2611 nou
424 2562 545 2625 plerique:
562 2562 654 2612 Salisb.
667 2562 917 2612 electrannum
928 2577 982 2610 uero
996 2563 1109 2626 plerique.

273 2630 341 2678 Cur.
353 2639 475 2676 uxxxnr.
510 2632 522 2675 1
542 2625 623 2675 Habet
634 2626 677 2675 boc
687 2626 789 2690 prinum,
802 2627 842 2675 vel
853 2627 981 2690 proprium,
991 2626 1060 2689 conj.
1071 2626 1197 2676 Rittersb.
1212 2641 1259 2674 uon
1270 2628 1336 2676 ruodo

240 2693 322 2741 domur
345 2691 370 2738 in
393 2690 545 2755 quibusdam
570 2689 646 2739 codd.
667 2699 694 2740 et
715 2691 775 2739 edd.
799 2698 863 2739 vett.
886 2705 933 2738 nou
951 2706 973 2739 o.
993 2691 1097 2752 domum,
1113 2692 1154 2740 red
1173 2690 1261 2739 cubitio
1278 2692 1335 2739 cod.

240 2756 410 2806 Scbwurziuu.
433 2753 522 2803 cubilia
537 2755 613 2802 etiarn
626 2755 686 2804 edd.
699 2755 792 2804 Pater.
804 2754 940 2818 *διακαῆ
958 2754 1011 2802 Pro
1024 2769 1055 2802 ea
1067 2769 1129 2803 rore
1140 2769 1245 2804 recessus
1256 2755 1335 2818 corip-

240 2819 318 2868 timus
339 2834 396 2867 cum
409 2819 522 2880 Guelplr.
535 2818 641 2868 Bartlrio
653 2820 685 2867 nd
696 2820 806 2868 Statium
819 2827 846 2867 et
862 2818 954 2867 Claud.
973 2832 999 2880 p.
1013 2821 1070 2867 636.
1083 2823 1109 2866 et
1121 2819 1176 2868 Cel.
1189 2818 1335 2873 Perizonio.

241 2885 284 2946 qui
296 2884 333 2931 ita
346 2884 370 2929 in
382 2882 495 2944 margine
506 2883 672 2943 conjecerat:
685 2891 713 2932 et
724 2883 842 2931 additum
856 2881 960 2934 uerbum
974 2883 1083 2943 recludit,
1094 2890 1123 2932 et
1134 2881 1266 2946 epitheton
1277 2883 1333 2930 iuti·

239 2961 290 2996 mor
301 2946 361 2994 illud
375 2945 491 3009 requirit.
518 2945 632 3000 Receoeur
643 2947 709 2994 eninr
722 2954 796 2996 erent
808 2947 867 2995 loca
879 2945 969 2993 abditu
980 2953 1006 2994 et
1018 2947 1163 3007 occulte,in
1175 2947 1267 3009 quibus
1279 2961 1336 2994 nese

242 3009 447 3070 abscondebant,
459 3016 485 3057 et
496 3007 624 3058 bertricum
636 3011 693 3058 uerri
705 3009 858 3074 eripiebant.
893 3007 990 3059 Confer
1003 3010 1092 3058 Burru.
1104 3011 1135 3059 ad
1148 3010 1227 3060 Ouid.
1238 3011 1303 3059 Met.
1316 3025 1336 3068 ι.

242 3079 299 3124 177.
317 3073 378 3122 hinc
396 3069 539 3123 ‘latebra'
558 3081 586 3123 et
604 3075 757 3123 ‘recessura'
775 3075 965 3138 conjunguntur
985 3075 1052 3136 apud
1073 3074 1141 3124 Pliu.
1160 3075 1244 3136 Epist.
1258 3088 1300 3124 ιιι.
1311 3079 1353 3138 d.-

241 3138 323 3188 ‘Vita
340 3138 468 3187 hominum
487 3139 552 3187 altos
570 3153 694 3198 recessus,
711 3151 866 3200 magnasque
888 3139 1000 3188 latebrae
1019 3137 1114 3187 uenere
1148 3139 1179 3187 In
1197 3139 1264 3187 notin
1285 3139 1337 3186 illio

241 3203 348 3252 similem
370 3203 453 3251 locum
474 3217 506 3249 ex
526 3202 651 3252 Cicerone
668 3201 744 3251 affert
764 3203 910 3252 cataneus.
944 3204 1040 3252 Contra
1056 3217 1158 3251 ucenruo
1174 3205 1256 3251 minus
1269 3203 1335 3251 bene

242 3269 391 3316 dicerentur
412 3267 493 3316 intimi
514 3272 541 3314 et
562 3268 661 3326 recludi,
679 3283 738 3318 cum
760 3268 865 3330 proprie
887 3268 944 3314 loca
961 3279 1059 3315 amoena
1081 3274 1175 3327 essent,
1197 3268 1224 3318 iu
1243 3267 1335 3330 quibui

242 3333 320 3380 animi
338 3346 416 3380 causa
438 3345 484 3393 per
503 3331 583 3381 otium
604 3341 705 3393 ternpus
724 3340 840 3394 agerent.
876 3330 943 3378 Vide
965 3331 996 3378 nd
1019 3331 1189 3380 Aurelvtet
1201 3332 1336 3392 Caes.cap.

166 3393 169 3406 '
243 3409 301 3444 xvi.
346 3395 437 3458 Neque
461 3395 536 3443 aliter
554 3395 607 3443 lraec
629 3395 679 3444 duc
702 3396 839 3458 distinguit
856 3395 964 3445 duretur
985 3394 1017 3443 ad
1039 3395 1185 3458 Symmacb.
1203 3395 1288 3458 Epist.
1308 3409 1337 3444 ιι.

244 3459 278 3508 1.’
302 3457 388 3506 Arutz.
427 3457 495 3506 Vide
508 3459 582 3508 Nott.
595 3459 716 3508 vare-a
739 3459 803 3510 cod.
815 3461 907 3509 Pater.
935 3473 980 3506 unu
991 3459 1090 3520 minora,
1102 3474 1164 3520 quae,
1175 3461 1267 3507 omisso
1278 3474 1337 3523 pro-

243 3522 393 3572 nomineeu.
435 3522 487 3570 Pro
498 3522 645 3584 contagione,
657 3523 727 3572 Gud.
746 3527 769 3572 2.
791 3528 818 3572 et
836 3525 900 3571 Exc.
919 3523 986 3572 Soal.
1003 3538 1061 3572 curu
1073 3522 1132 3571 edd.
1152 3523 1274 3573 lleroald.
1293 3523 1337 3571 bn-

243 3587 307 3636 beut
325 3585 484 3646 cogitativum
509 3587 601 3636 Coton.
620 3587 728 3636 Ascenr.
745 3595 772 3636 et
789 3588 897 3637 Cbouet.
911 3587 1048 3646 cognatione
1053 3604 1063 3645 ‚·
1091 3586 1166 3636 codd.
1190 3587 1339 3647 Sclurarzii,

243 3651 305 3701 edd.
325 3650 384 3700 Ald.
405 3649 509 3714 Cuspio.
527 3658 554 3701 et
572 3660 682 3701 receuti.
698 3653 895 3713 contagione-³
914 3650 980 3701 Cod.
996 3650 1089 3700 Sulisb.
1105 3657 1172 3701 tuuto
1187 3651 1339 3714 laudabilius,

746 3771 853 3824 ΝΟΜ

276 3876 288 3904 ⁸
305 3868 359 3916 Hoc
368 3869 482 3932 primurn]
498 3868 550 3919 Alii
567 3871 659 3933 privum
669 3872 768 3935 legunt,
812 3885 870 3919 roen
882 3869 970 3933 babet,
981 3878 1079 3936 quanto
1091 3871 1174 3934 major
1190 3869 1233 3934 qui
1245 3877 1339 3934 peccat

174 3950 177 3955 '
245 3945 288 3995 ulii
316 3944 446 4008 proprium,
466 3945 492 3993 id
517 3952 567 4005 est,
590 3947 770 4007 singultirent
812 3947 938 3998 habetur!
971 3948 1337 4018 ldemlsar.rx.1ue.‘Se-
1362 4003 1365 4010 Ι

244 4020 413 4082 praecipuum.
464 4020 496 4068 In
523 4021 588 4068 irone
615 4021 769 4070 sententium
812 4021 912 4072 oretrim
935 4021 1024 4072 diuitis
1051 4024 1130 4072 ullum
1155 4024 1219 4071 Esne
1245 4024 1339 4086 putaui

244 4094 365 4145 Juvenal.
376 4095 430 4146 Sat.
439 4109 503 4146 ιιιι.
515 4099 571 4146 tro.
583 4093 685 4146 ‘Omne
695 4097 771 4144 animi
812 4095 882 4149 uerri
902 4106 932 4149 ut
954 4105 1070 4164 taceant,
1092 4099 1211 4162 iumenta
1232 4101 1338 4164 loquen-

245 4169 335 4219 ritium
354 4178 428 4221 tanto
443 4171 607 4236 conspectius
627 4171 652 4221 in
669 4187 696 4222 re
715 4171 771 4222 Cri·
812 4174 873 4225 tur!
964 4190 968 4199 ·
