3100 4854
262 355 327 462 lll
493 454 497 464 ,
693 410 933 462 nnsnrnourn

262 556 359 640 cujus
374 553 575 640 principium
591 558 663 620 est:
681 555 738 620 ‘Si
753 556 888 639 quando
903 554 995 621 Urbs
1010 555 1147 635 nostra,’
1159 562 1220 624 &c
1244 559 1360 626 Primo

261 659 467 742 Euphratem
491 656 892 743 PhilosophumPlinius
914 659 957 722 ab
977 660 1080 723 animi
1095 661 1193 725 bonis
1209 665 1359 728 eximiis-

260 779 326 844 que
343 759 532 835 virtutihus,
549 765 585 823 ut
598 758 804 823 humanitate
818 765 852 823 et
866 759 1069 843 eloquentia,
1085 761 1208 826 deinde
1224 783 1246 828 a
1260 765 1358 829 bonis

260 862 423 946 corporis,
441 867 478 926 nt
492 861 643 944 corporis
657 860 873 944 proceritate,
890 860 1013 926 decora
1027 861 1126 938 facie,
1141 863 1289 928 demisso
1304 887 1360 929 ca·

258 963 353 1048 pilio,
373 963 496 1046 ingenti
517 967 549 1026 et
570 982 658 1028 cana
679 963 802 1044 barba3
824 971 995 1048 postremo
1018 965 1061 1029 ab
1084 965 1234 1030 externis
1254 987 1359 1048 quan-

259 1086 360 1151 quam
387 1065 505 1130 leviter
530 1069 563 1128 et
589 1065 708 1143 obiter,
731 1071 768 1130 nt
790 1085 866 1132 cnm
894 1065 997 1131 dicit:
1024 1066 1176 1132 ‘Juliani
1200 1066 1356 1152 Pompeii

258 1166 434 1232 clarissimi
456 1166 478 1231 J
483 1209 491 1225 ·
506 1165 669 1246 Consulti,
684 1176 720 1233 et
741 1165 903 1233 Consulis
925 1187 1079 1252 generum
1099 1169 1228 1234 fnisse!
1272 1169 1357 1254 Ejus

258 1271 385 1352 generis
410 1274 460 1333 est
481 1267 636 1352 Epistola
660 1268 754 1352 apud
780 1268 939 1332 eundem:
970 1268 1087 1333 ‘Petis
1113 1274 1149 1333 nt
1174 1269 1283 1334 fratris
1308 1273 1356 1334 tui

256 1370 436 1450 tiliae,'&c.
485 1370 618 1435 Laudat
640 1371 728 1435 enim
749 1369 930 1434 Minatium
953 1369 997 1434 ab
1019 1370 1195 1436 honestate
1215 1391 1353 1448 morum,

256 1474 347 1539 clara
368 1473 488 1557 patria,
504 1471 670 1554 clarisque
691 1470 898 1554 parentibus,
913 1477 948 1536 et
963 1473 1006 1536 ab
1026 1491 1068 1536 ea
1089 1464 1236 1537 maxime
1258 1493 1351 1538 vere-

256 1576 388 1650 cundia,
409 1594 478 1657 qua
503 1573 720 1654 magistratus
747 1573 910 1656 plurimos
935 1583 1095 1656 gesserat,
1121 1573 1198 1638 dein
1223 1593 1245 1638 a
1266 1575 1354 1639 facie

255 1677 386 1743 liberali
423 1677 645 1757 ingenueque,
675 1693 696 1739 a
724 1674 829 1740 totius
859 1676 1010 1761 corporis
1048 1674 1291 1760 pulchritudine
1321 1684 1354 1740 et

255 1779 402 1864 quodam
422 1777 586 1842 senatorio
606 1777 741 1855 decore,
760 1777 904 1864 deniqne·
923 1778 966 1842 ab
988 1777 1112 1862 amplis
1134 1776 1353 1842 facultatibus

254 1891 287 1947 et
302 1880 449 1946 maximo
465 1898 569 1944 censu
585 1880 758 1964 maj0rnm.

284 2085 439 2151 loannes
455 2045 540 2152 Lnd.
555 2084 661 2149 Vives
677 2086 718 2149 de
733 2087 984 2154 conscribendis
1000 2087 1173 2172 Epistolis‚
1189 2108 1265 2172 cap.
1280 2089 1321 2152 de

577 2183 784 2252 Auctoribus
798 2187 1038 2273 Epistularum.

249 2429 255 2436 .
297 2373 554 2457 Antiquissimae
570 2373 659 2438 anim
675 2373 838 2456 Epistolae
855 2380 972 2440 extant
987 2373 1142 2439 Platonis
1157 2391 1350 2458 perpaucae,

252 2485 288 2542 et
316 2475 572 2542 Demosthenis:
595 2476 672 2541 hinc
699 2476 749 2542 M.
763 2477 878 2541 -Tullii
905 2478 1040 2542 amissae
1066 2476 1201 2559 quidem
1223 2476 1350 2548 multae,

252 2581 311 2646 sed
334 2578 450 2644 multae
473 2579 576 2644 etiam
595 2579 629 2644 in
649 2578 735 2644 hanc
748 2597 854 2663 nsque
871 2583 1008 2644 aetatem
1022 2582 1214 2654 reservatae,
1225 2576 1260 2638 in
1276 2576 1352 2657 qui·

252 2669 317 2747 hu's
338 2689 460 2766 praeter
474 2681 577 2746 verba
598 2690 633 2746 et
647 2680 826 2746 dictionem
842 2677 984 2765 (quihus
998 2679 1049 2744 vir
1062 2677 1122 2744 ille
1136 2685 1266 2742 ceteros
1277 2693 1350 2748 ,onrv

250 2806 309 2850 nes
332 2786 524 2868 scriptores,
548 2782 689 2849 Latinos
713 2783 887 2857 duntaxat,
902 2788 996 2846 tanto
1020 2786 1099 2865 post
1119 2798 1154 2843 se
1176 2778 1349 2842 intervallo

250 2883 424 2968 relinquit)
437 2885 618 2968 plurimum
637 2885 727 2947 inest
748 2889 782 2947 et
804 2883 848 2946 ad
865 2881 1075 2965 respublicas
1090 2887 1124 2944 et
1139 2879 1182 2944 ad
1197 2879 1348 2962 privatas

169 3059 172 3064 ⁴
244 2986 365 3070 judicii
380 3005 420 3049 ac
436 2984 632 3068 prudentior·
676 2984 815 3049 Senecae
832 2982 999 3066 Epistolae
1016 2982 1188 3046 volumina
1207 2986 1288 3044 sunt·
1305 2982 1348 3044 de

248 3087 475 3173 philosophia.
515 3086 814 3154 -Accommodatior
836 3084 879 3150 ad
902 3103 998 3148 usum
1022 3083 1152 3147 Plinius
1176 3080 1348 3160 Caecilius,

250 3211 366 3256 eorum
390 3190 588 3274 praesertim,
608 3191 664 3276 qui
690 3187 733 3253 de
758 3186 902 3269 negotiis
925 3185 1078 3270 privatis,
1104 3190 1162 3249 aut
1187 3203 1256 3268 rep.
1279 3205 1348 3248 non
1410 3173 1417 3184 ’

249 3295 414 3376 scrilrunt3
436 3311 511 3380 nam
526 3289 719 3379 hujusmodi
733 3287 993 3372 meliorCicero.
1033 3284 1166 3349 Plinius
1180 3303 1260 3350 vero
1275 3306 1348 3350 suc-

250 3397 392 3470 cinctus,
408 3399 442 3456 et
463 3377 618 3469 festivus,
633 3398 667 3458 et
687 3392 829 3468 facetus,
846 3397 880 3455 et
900 3388 1067 3471 frequens
1081 3387 1254 3452 concinnis
1270 3407 1347 3452 sen·

249 3495 377 3569 tentiis,
391 3493 501 3558 doctis
523 3500 623 3578 atque
645 3495 754 3559 acutis
775 3493 916 3575 ingeniis
935 3489 1075 3554 mirifice
1092 3496 1151 3553 est
1159 3496 1273 3572 aptus,
1289 3491 1346 3574 qni

249 3596 469 3682 scholasticas
493 3597 577 3682 inter
601 3596 798 3679 schmittunt
817 3594 988 3680 ¹epistolas
1013 3598 1047 3682 et
1070 3591 1281 3668 umbraticas,
1309 3599 1347 3654 ut

248 3701 336 3764 idem
358 3699 432 3782 ipse
455 3699 513 3777 ait,
529 3700 652 3782 quibus
675 3706 809 3782 oportet
830 3699 906 3782 plus
928 3700 1065 3760 ornatus
1085 3701 1121 3758 et
1143 3691 1347 3758 condimenti

249 3803 398 3887 adjungi,
413 3801 546 3890 qnando
562 3805 663 3867 rebus
677 3821 743 3867 non
759 3800 895 3887 perinde
911 3798 1068 3864 nituntur.

241 4049 245 4056 ι
344 3958 538 4060 Gerhardus
552 3958 703 4028 ioannes
718 3957 869 4025 Vossius
884 3955 926 4020 de
943 3955 1034 4021 Hist.
1052 3954 1129 4019 Lat.
1143 3952 1205 4050 lib.
1222 3969 1248 4016 r.
1268 4043 1270 4050 y

292 4107 353 4173 Uti
369 4116 480 4175 autem
494 4110 645 4187 Tacitus,
653 4109 702 4172 ita
716 4113 762 4186 et,
772 4124 848 4198 curn
862 4116 952 4184 ante,
963 4112 1032 4170 tum
1048 4105 1112 4168 sub
1123 4103 1283 4187 Trajano,
1297 4105 1344 4166 in-

249 4209 365 4293 primis
387 4210 452 4275 suit
472 4211 514 4276 C.
530 4210 661 4278 Plinius
682 4206 841 4275 Caecilius
856 4207 1046 4288 Secundus,
1062 4205 1346 4284 Novocomensis,
