3112 4852
540 355 824 408 rnuuorntous.
869 357 895 404 t.
917 341 972 404 20.
1245 339 1311 404 187

215 506 357 572 alterius
376 503 564 586 Principin'¹
588 501 772 567 transitus?
797 500 828 564 si
847 504 956 564 tumen
980 497 1140 564 transitus
1160 495 1227 574 ille,
1242 513 1310 562 non

215 608 393 692 populatio
408 607 472 670 suit
486 628 494 668 :
517 624 593 669 curn
609 605 751 670 abactus
763 611 776 639 ⁰
789 602 957 686 hospitum
971 601 1169 676 exereitus:
1183 601 1311 664 omnia·

216 729 279 792 que
294 710 410 773 dextra
430 708 584 790 laevaque
600 710 737 789 perusta
757 715 793 769 et
815 705 939 780 attrita,
956 709 991 767 ut
1006 703 1036 766 si
1050 702 1102 766 vis
1118 700 1243 784 ulique,
1258 703 1310 766 vel

248 947 260 970 ⁰
279 940 340 988 Cum
350 939 453 1003 hospites
462 954 474 989 e
484 939 590 990 domibus
599 940 772 1003 atris'obigcret.

675 1125 854 1156 nmmum

214 1281 260 1328 ills
280 1291 330 1327 uon
351 1277 435 1327 aliena
452 1285 492 1328 est
508 1277 541 1326 ab
557 1277 583 1326 lt.
598 1277 625 1328 l.'
643 1276 790 1338 (iterim-4
808 1277 912 1338 ‘Nuper
930 1275 1104 1339 atterente]
1129 1276 1161 1326 Io
1178 1277 1235 1329 cod.
1248 1281 1311 1331 Vnt.

216 1349 240 1394 4.
252 1343 358 1407 antiqua
369 1357 460 1391 tonnus
471 1341 622 1392 adverbium
633 1353 707 1404 ospes
718 1338 790 1390 maie·
801 1340 923 1402 correxit,
938 1348 965 1388 et
977 1340 1071 1389 exinde
1082 1338 1191 1401 effinxit,
1207 1344 1311 1408 Impera·

216 1409 264 1456 tori
275 1408 375 1457 suerius
387 1407 512 1470 principis,
530 1405 581 1472 ἔμ’
596 1406 726 1456 Schwarn.
758 1403 806 1453 ‘ut
822 1410 899 1453 lomes
911 1404 1038 1468 transitus]
1057 1405 1124 1454 llec
1136 1407 1215 1456 rerba
1224 1409 1313 1460 omisit

217 1472 289 1520 Voss.
300 1487 334 1520 ex
350 1479 414 1521 noto
425 1471 470 1520 illo
487 1485 576 1520 errore
590 1471 765 1529 librariorum,
780 1482 841 1533 quo,
853 1468 874 1518 si
886 1467 985 1518 caedem
997 1483 1073 1518 voces
1084 1468 1124 1518 bis
1135 1482 1313 1531 occurrerent,

214 1537 317 1586 oculum
329 1535 355 1584 in
368 1535 537 1598 posteriorem
548 1535 726 1599 conjicientes.
737 1533 892 1584 intermedia
909 1547 966 1610 que
978 1541 1061 1594 erant,
1072 1535 1244 1598 negligerent.
1280 1538 1312 1590 lo

216 1601 294 1650 talem
305 1599 423 1650 codicem
442 1599 513 1665 (quae
526 1599 582 1664 Gry
602 1599 645 1660 bii,
661 1606 691 1648 ut
709 1597 784 1658 dicit,
801 1597 849 1646 init
861 1597 952 1662 edituo,
969 1611 1028 1647 cnm
1040 1604 1127 1648 temen
1139 1600 1165 1648 in
1177 1614 1234 1649 urea
1244 1600 1312 1667 Gry·

215 1665 310 1728 pbiana
321 1665 406 1713 omnia
416 1664 467 1714 sint
479 1665 583 1726 integre
607 1663 723 1713 incidere
735 1661 826 1712 debuit
838 1661 939 1724 Lipsius
951 1662 1053 1715 (tuest.
1066 1664 1151 1726 Epist.
1164 1676 1190 1713 v.
1203 1671 1242 1716 15.
1253 1681 1311 1716 cnm

216 1729 276 1778 iude
288 1729 368 1790 legat,
377 1728 494 1778 transitus
502 1729 553 1791 ille,
562 1729 609 1777 imo
618 1727 756 1793 popniotio5
775 1732 804 1774 ut
814 1726 852 1776 sio
861 1727 933 1790 quusi
943 1726 999 1790 ipse
1010 1742 1038 1776 se
1047 1729 1192 1790 corrigeret
1204 1730 1312 1782 Plinius.

214 1793 267 1842 Sed
281 1793 383 1854 plenior
392 1793 461 1856 opud
473 1791 536 1842 alios
546 1794 617 1842 locus
634 1793 730 1852 nullum
745 1789 849 1840 dubium
862 1791 994 1855 relinquit.
1027 1791 1081 1840 Pro
1092 1793 1115 1840 si
1126 1797 1213 1850 tomen,
1224 1798 1264 1844 secl
1274 1801 1313 1846 lo-

215 1871 268 1907 mes
279 1855 395 1920 Guelpb.
407 1871 495 1906 verum
514 1858 623 1908 alterum
633 1857 724 1906 melius
742 1855 898 1904 correctioni
916 1855 1032 1905 inseruit.
1065 1856 1133 1904 Vide
1149 1858 1258 1908 Turseli.
1279 1859 1313 1910 de

218 1923 293 1972 Part.
302 1936 361 1984 cap.
370 1924 426 1973 llll.
435 1921 553 1988 trunsum
563 1922 638 1972 obest
649 1921 682 1971 ab
694 1919 809 1970 editione
821 1919 942 1984 Gesneri,
952 1919 1020 1984 quod
1032 1919 1088 1969 sine
1100 1919 1179 1969 dubio
1191 1930 1314 1986 typogra-

216 1985 267 2048 pbo
280 1985 462 2034 tribuendum.’
477 1984 593 2036 Arolzen.
627 1984 682 2034 Has
693 1990 747 2034 tres
764 1997 838 2032 voces
852 1985 1019 2046 pretermisit
1031 1984 1110 2033 etiarn
1122 1985 1241 2035 librarius
1254 1989 1313 2039 cod.

217 2050 348 2100 Patavini.
371 2049 471 2113 Grypb.
484 2057 511 2097 et
523 2050 568 2099 lib.
578 2049 665 2098 vossii
678 2063 719 2111 op.
730 2047 860 2099 Schwarn
869 2049 977 2097 aitomcrr
988 2049 1123 2099 omittunt.
1155 2051 1257 2114 Grypb.
1271 2067 1312 2104 en.

219 2118 291 2164 1531.
303 2123 357 2164 tres
369 2128 446 2163 voces
457 2113 583 2174 neglexit,
594 2113 618 2161 ai
628 2118 706 2162 lamen
716 2112 832 2162 transitus
839 2127 849 2169 ,·
869 2112 971 2175 Grypb.
982 2115 1055 2162 15³2.
1066 2127 1111 2164 eas
1123 2114 1263 2166 revocarit.
1280 2117 1313 2166 In
1321 2128 1332 2135 ·

215 2173 273 2226 cod.
281 2178 375 2228 salisb.
382 2178 508 2242 scriptum
516 2185 564 2239 est,
572 2176 695 2240 Principis
705 2177 830 2236 transitus,
837 2177 939 2226 illeoero
946 2175 1131 2240 populatorfuit.
1140 2179 1252 2245 trecor,
1261 2195 1314 2231 ears

216 2241 314 2292 obeam
324 2243 440 2307 hospitum
448 2248 576 2304 exerceret,
588 2250 681 2304 aperte
692 2248 817 2311 corrupta
827 2248 894 2296 sunt,
907 2246 931 2290 l.
942 2242 1004 2306 quia
1014 2242 1139 2293 substant.
1151 2243 1246 2294 olenus
1255 2259 1314 2294 nus·

217 2307 285 2370 piam
294 2307 403 2371 legitur3
412 2311 438 2356 2.
449 2307 509 2370 quia
520 2310 746 2370 perseuerasset
756 2304 955 2370 subsequentem
965 2307 1207 2371 coprrlnmqne‚jurc
1219 2324 1314 2373 cxpec-
1416 2357 1419 2362 ,

217 2379 256 2418 tas
269 2373 374 2420 verbum
386 2371 474 2420 similis
490 2370 558 2420 modi
570 2385 601 2418 nc
612 2371 744 2435 temporis,
756 2385 780 2419 r.
792 2385 816 2418 c.
826 2376 949 2432 perureret
958 2375 1134 2434 ultererctqtsc5
1151 2376 1176 2423 3.
1191 2375 1314 2439 quianon

218 2445 338 2498 apparet,
350 2451 402 2498 quo
414 2436 528 2499 lrospites
540 2434 664 2498 abegerit.
697 2435 763 2484 Mas.
774 2434 836 2484 nibil
847 2435 990 2497 adjumenti
1002 2437 1185 2499 suppeditent;
1206 2453 1254 2487 nec
1275 2448 1316 2490 at·

217 2503 283 2548 tinet
302 2501 473 2562 antiquiorum
491 2501 551 2548 intt.
567 2498 761 2548 emendationes
777 2511 987 2547 conmemorare.
1020 2500 1147 2550 Scbrrnrz.
1164 2509 1260 2558 narret,
1277 2505 1314 2552 ri·

216 2577 272 2612 rum
284 2563 412 2628 quendam
425 2564 529 2612 doctum
541 2570 569 2612 et
581 2563 630 2612 sibi
642 2563 750 2612 suricum
762 2563 883 2619 suasisse.
893 2577 945 2611 eum
954 2562 1050 2612 obortus
1060 2565 1314 2627 impinoraciones,

217 2635 247 2676 ut
266 2637 324 2692 post
341 2628 428 2676 attrita
444 2627 684 2689 subintelligeretur
703 2624 842 2686 ‘essent3’
859 2641 968 2690 eamque
988 2627 1166 2690 conjecturam
1183 2638 1270 2681 tuetur
1287 2631 1314 2680 in

217 2692 308 2754 Suppl.
326 2691 370 2741 ubi
391 2693 478 2751 docet,
497 2691 627 2740 exercitum
644 2689 695 2740 dici
707 2689 740 2739 de
752 2704 911 2753 quacumque
924 2690 1203 2756 multitudineinsigni.
1246 2695 1314 2748 Mihi

218 2757 289 2805 locus
302 2758 339 2805 ita
350 2755 528 2805 restituendus
538 2755 651 2812 uidetur,
668 2769 722 2804 cum
732 2754 815 2804 oborto
832 2754 950 2816 hospitum
959 2754 1070 2813 jumenta
1079 2771 1193 2818 ceroma,
1205 2772 1315 2822 eamque

217 2819 355 2872 lectionem
376 2818 489 2869 defendo
509 2820 621 2892 utrinque
637 2833 671 2868 cx
689 2818 784 2866 carreis.
825 2823 848 2867 l.
865 2819 908 2868 Ite
919 2819 973 2868 baec
985 2819 1064 2869 rerba
1078 2822 1144 2871 bane
1157 2824 1316 2886 respondent

219 2899 295 2956 supp.
306 2886 385 2934 nullas
394 2885 421 2934 irs
431 2885 558 2946 exigendis
568 2883 683 2934 celicolis
693 2884 816 2932 tumultus.
847 2887 871 2932 2.
889 2883 976 2933 Facile
989 2886 1118 2946 procurrit
1130 2888 1317 2948 uictimam

218 2963 341 2998 cerneres.
353 2981 361 2996 .
371 2980 378 2996 .
388 2953 527 3012 amantio.
560 2951 586 2998 3.
604 2950 719 2998 cerotem
735 2947 803 2996 bene
820 2949 941 2997 convenit
957 2949 1073 2998 viridiori
1091 2949 1268 3016 descriptioni,
1287 2960 1317 3004 ut

219 3027 279 3076 erp.
289 3017 331 3063 Ὦ.
347 3016 356 3042 ⁴
367 3013 469 3062 rideres
482 3020 552 3062 tecta
563 3011 681 3062 referta!
723 3013 837 3061 Cerneres
852 3019 940 3062 autem
952 3021 979 3062 et
990 3021 1109 3064 exerceret
1119 3013 1196 3066 facile
1208 3025 1317 3081 potuere

219 3077 369 3140 pmmrrtari.
400 3082 426 3126 t.
443 3075 519 3138 Abigr‘
531 3085 602 3126 recta
613 3075 652 3127 dr.
663 3075 697 3124 dc
710 3075 854 3139 pecoribus,
867 3091 925 3139 que
943 3076 975 3125 ab
995 3077 1109 3128 bottibus
1126 3077 1196 3129 furto
1209 3081 1317 3142 ebigttu·

220 3149 272 3204 tur,
292 3156 342 3191 non
360 3142 423 3193 item
440 3141 473 3190 de
494 3141 540 3188 bos
559 3141 648 3190 itibus.
682 3145 706 3188 ⁵.
724 3138 839 3201 Propter
857 3139 906 3188 loc.
925 3139 1033 3189 similent
1052 3141 1171 3192 Lactunt.
1190 3144 1223 3193 de
1235 3147 1273 3194 Μ.
1285 3146 1318 3196 Ρ.

219 3218 313 3256 xxrrr.
320 3211 346 3266 6.
356 3205 388 3255 de
401 3205 511 3255 moritu
553 3203 693 3254 uximioui:
705 3203 829 3252 ‘vastata
840 3202 970 3266 igiturest
981 3217 1011 3251 en
1021 3219 1080 3266 pers
1091 3207 1187 3269 ltaliae,
1197 3221 1249 3271 qttn
1259 3224 1317 3274 pes·

218 3268 324 3319 tiisrum
336 3269 400 3320 illud
412 3279 505 3332 agmen
517 3269 649 3319 incessit..
662 3301 668 3316 .
682 3265 819 3328 .Abnctoe,
832 3274 954 3329 tunquam
967 3268 999 3316 de
1015 3269 1141 3333 barbaris,
1157 3272 1252 3334 praedae
1272 3287 1317 3336 pe·

219 3348 308 3384 eornm
321 3349 351 3384 ao
358 3333 555 3398 jumentorum’
585 3331 677 3382 'Possis
687 3331 769 3380 locum
781 3337 809 3379 et
820 3330 858 3380 sic
870 3331 1006 3381 emendare
1017 3347 1026 3382 r
1044 3349 1096 3383 cum
1104 3335 1214 3396 jumento
1223 3337 1318 3400 otuu,

219 3399 323 3462 hospites
341 3398 459 3448 sancitos
477 3411 591 3461 ommes,
610 3396 740 3459 omniaque,
754 3397 795 3458 ἔφυ.
830 3396 958 3446 Exercitus
968 3411 1038 3460 soepe
1053 3405 1094 3448 est
1108 3410 1225 3462 rexatus,
1236 3402 1316 3452 etium

220 3477 263 3525 ap.
281 3464 416 3521 Nostrum,
429 3470 459 3511 ut
475 3476 532 3525 cop.
547 3474 666 3513 emur.
678 3464 702 3510 Β.
714 3460 799 3524 Epist.
811 3473 864 3510 vrr.
875 3464 900 3510 6.
912 3465 937 3510 2.
971 3461 1102 3513 Iturerba
1114 3465 1217 3528 hospites
1226 3467 1317 3517 aerei·

221 3531 257 3575 tos
269 3527 458 3589 responderent
467 3527 562 3588 verbis,
573 3526 689 3576 ‘nulium
700 3525 769 3574 eirca
777 3524 890 3588 hospitis
901 3523 1068 3580 fastidiunt.''
1087 3530 1184 3592 Gierig.
1215 3533 1224 3561 ⁴
1237 3532 1268 3582 V.
1281 3533 1317 3582 D.

221 3591 247 3642 iu
258 3592 368 3656 preur·
388 3591 439 3641 bit.
456 3591 562 3656 lenens.
577 3591 676 3653 mallet,
689 3589 783 3638 abactor
792 3589 909 3652 tospnom
918 3605 1014 3654 greges.
1047 3593 1151 3645 Ernesti
1159 3597 1217 3659 juo.
1231 3602 1321 3660 putrtt,¹

715 3731 826 3801 norm
907 3801 910 3806 .

222 3911 277 3947 rum
286 3903 372 3946 autam
384 3902 518 3960 compotes
527 3893 602 3956 facti,
613 3907 687 3957 quum
695 3893 750 3941 dis·
787 3891 870 3956 magis
881 3891 1019 3944 elucescat.

221 3973 317 4024 similes
333 3986 405 4035 sepe
428 3985 512 4021 mores
535 3968 658 4022 induunt!
677 3965 749 4018 Nihil
820 3977 833 4002 ⁰
848 3968 966 4032 Abantes]
984 3970 1093 4034 Proprie
1107 3970 1141 4020 de
1158 3985 1236 4034 grege
1253 3972 1317 4026 dioi-

222 4063 283 4098 reto
298 4047 349 4098 fuit
360 4049 412 4098 tole
423 4048 449 4096 in
461 4047 583 4110 Trojano.
789 4052 843 4110 tur,
855 4045 899 4108 qui
911 4059 958 4108 per
969 4043 1066 4095 furtum
1078 4045 1224 4115 obducitur.
1258 4048 1318 4100 Hos

253 4119 750 4186 nAlteriusprr'tteipis]llomitinui‚quem
790 4121 847 4178 loco
865 4120 973 4170 sumitur
991 4135 1040 4182 pro
1056 4121 1171 4174 violenta
1186 4123 1318 4188 hospitum

222 4204 411 4262 vellicarenon
429 4207 523 4264 cessat,
536 4206 566 4250 ut
576 4199 684 4263 Trajsui
695 4200 751 4249 laus
790 4198 951 4266 espuisione.
