3112 4852
557 379 841 428 enunciamus.
885 380 909 428 r.
931 363 983 429 25.
1256 370 1321 436 199

223 524 372 609 quidem,
388 523 430 587 de
445 522 568 606 quibus
583 519 744 594 taceas,⁵¹‘
766 529 858 589 tanta
881 530 1010 606 quanta
1031 529 1119 603 sunt,
1135 545 1212 592 esse
1227 529 1321 594 vide·

222 632 328 692 entur.
371 625 403 689 2.
426 625 506 690 Nisi
521 643 599 688 vero
615 624 733 688 leviter
744 626 860 708 attingi
875 625 1001 708 placet,
1026 626 1251 710 locupletatas
1266 634 1320 696 tri·

222 723 306 804 bue,l
314 726 496 809 datumque
507 725 746 807 congiariumm
758 727 902 810 populo;
925 735 959 793 et
969 727 1084 792 datum
1096 735 1229 807 totum,¹²
1245 751 1320 798 cum

224 829 374 892 donativi
388 835 518 909 partem
532 829 656 892 milites
673 830 896 911 accepissent.
940 827 996 892 An
1018 830 1196 896 mediocris
1217 836 1320 899 animi

225 939 286 1006 est,
301 930 352 993 his
367 930 483 1012 potius
503 939 761 1011 repraesentare,
778 931 902 1012 quibus
923 931 1031 1012 magis
1053 931 1164 1012 negari
1186 936 1320 1016 potestl

225 1029 422 1113 Quanquam
439 1031 472 1094 in
487 1029 551 1096 hac
568 1050 702 1114 quoque
716 1031 906 1096 diversitate
923 1033 1128 1116 aequalitatis
1142 1033 1230 1098 ratio
1253 1055 1320 1100 ser·

223 1139 300 1196 vata
314 1143 378 1196 est.
422 1133 564 1216 AEquati
579 1135 666 1198 enim
682 1138 761 1197 sunt
784 1137 912 1216 populo
928 1135 1054 1200 milites
1070 1154 1124 1212 eo,
1139 1136 1229 1219 quod
1245 1157 1320 1220 par·

223 1240 305 1308 tem,
330 1233 389 1296 sed
411 1235 560 1316 priores;
582 1235 742 1316 populus‘
751 1235 929 1317 militibus,
952 1237 1044 1320 quod
1066 1239 1240 1320 posterior,
1259 1240 1320 1304 sed

227 1481 232 1490 .
255 1405 266 1439 ⁶
283 1410 369 1462 Ferme
377 1412 473 1476 occidit
483 1417 569 1475 atque
579 1427 756 1465 commemorare
762 1395 988 1479 proetmmittisstsc.

680 1568 861 1591 ”nomene

221 1699 273 1747 qaus
289 1687 395 1748 quodque
411 1686 565 1736 sementina.
597 1687 709 1736 Bebrius
728 1688 907 1751 conjectabat,
929 1689 985 1752 quio
998 1688 1055 1748 sere
1065 1689 1127 1754 fieri
1142 1689 1209 1744 solet.
1225 1692 1252 1737 at
1268 1688 1284 1736 i.
1295 1703 1319 1750 q.

220 1765 272 1812 quse
283 1752 348 1800 diem
358 1751 469 1811 tenuiter,
480 1752 585 1814 quamuis
600 1766 687 1814 mopso
696 1755 756 1808 sint,
767 1755 865 1810 testim
881 1755 910 1804 de
920 1754 1003 1816 quibus
1013 1759 1100 1809 tacens,
1112 1759 1131 1801 t.
1141 1768 1165 1816 q.
1176 1754 1235 1812 sint,
1244 1753 1319 1814 isse·-

221 1818 237 1862 2
256 1814 314 1862 Nisi
325 1829 378 1864 uero
390 1816 474 1863 leuiter
490 1817 557 1880 affigi
571 1816 649 1878 placet
661 1819 719 1864 cod.
737 1818 830 1866 Patas.
847 1825 875 1866 st
896 1819 960 1866 Erre.
978 1818 1053 1867 Voss.
1088 1819 1172 1866 Paulo
1192 1825 1260 1880 post,
1277 1817 1318 1864 aad

219 1877 286 1940 prior
296 1885 331 1928 est
341 1882 439 1942 populus
449 1879 564 1928 militibus
575 1881 632 1929 cod.
645 1880 738 1930 Patav.
771 1885 779 1910 ⁴
790 1883 918 1944 Scaliger,
934 1883 1010 1931 Voss.
1022 1885 1051 1930 et
1066 1881 1179 1944 Guelpb.
1190 1881 1257 1943 prior
1273 1883 1319 1936 eat,

221 1943 294 2006 quasi
305 1944 492 2006 distinguenda
502 1952 573 1994 esset
586 1946 682 1995 oratio:
700 1947 738 1994 Eo
750 1948 811 2008 quod
821 1951 930 2008 ponem,-
944 1948 985 1994 aed
993 1946 1061 2008 prior
1071 1951 1107 1995 est
1114 1947 1220 2008 popalus.
1246 1945 1319 1992 Male

221 2013 325 2067 tamen3
343 2022 402 2056 nam
415 2008 436 2056 si
448 2009 519 2072 prior
530 2015 600 2058 esset
611 2010 731 2072 populns,
750 2011 877 2073 quomodo
889 2018 976 2059 orator
988 2011 1116 2072 potuisset
1133 2011 1222 2058 dicere
1234 2021 1320 2072 aequa·

219 2071 301 2120 litatis
313 2073 440 2121 rationem
454 2087 511 2120 esse
524 2075 672 2124 servatam?
706 2075 763 2124 Nec
775 2075 841 2124 odeo
857 2091 889 2124 ea
906 2089 935 2123 re
947 2075 1017 2137 prior
1035 2083 1093 2124 erat
1111 2074 1231 2138 populus,
1249 2072 1319 2137 qnod

211 2161 214 2174 ·
220 2137 350 2198 posterior
362 2144 445 2186 totum
462 2137 617 2200 accepisset.
650 2139 686 2188 Et
703 2139 838 2203 particulae
859 2154 898 2189 eae
915 2141 965 2196 sed,
982 2141 1031 2196 sed,
1052 2140 1139 2189 atatim
1155 2139 1271 2189 diversas
1291 2145 1319 2186 et

717 2302 823 2352 NOTAE

253 2409 266 2443 ¹¹
281 2411 321 2460 De
331 2411 415 2473 quibus
425 2413 513 2476 taceas]
525 2413 675 2464 Nouminus
684 2415 749 2464 artis
789 2423 841 2465 tem
855 2423 913 2480 post
930 2416 957 2465 in
972 2420 997 2465 d.
1017 2421 1114 2479 partes,
1128 2422 1156 2465 et
1175 2413 1318 2479 Ciceronis,

220 2493 262 2536 est
273 2487 299 2536 ln
311 2487 389 2536 rebus
401 2489 530 2539 interdum
547 2491 749 2556 supprimendis,
789 2498 877 2555 atque,
895 2498 924 2541 ut
941 2506 974 2541 ex
992 2492 1041 2540 boc
1059 2493 1116 2540 loco
1134 2499 1216 2554 patet,
1236 2490 1318 2539 Plinii

152 2589 155 2596 ·
220 2577 296 2626 quam
308 2563 334 2612 in
346 2565 434 2613 iisdem
447 2564 602 2616 efferendis:
619 2568 698 2617 immo
709 2583 749 2618 ra·
789 2573 917 2629 tempore,
927 2569 953 2616 in
965 2572 1006 2616 ³5.
1024 2567 1163 2617 distributa
1180 2572 1245 2621 erat,
1264 2579 1318 2614 ser·

219 2641 301 2689 ticere
314 2641 443 2690 interdum
456 2643 552 2707 aliquid
564 2643 645 2693 multo
663 2645 748 2708 aptius
789 2648 877 2691 satum
889 2651 929 2692 est
940 2640 1001 2691 illud
1013 2655 1118 2703 nomen,
1135 2647 1165 2690 et
1181 2645 1223 2690 ab.
1242 2639 1319 2689 tribes

218 2723 268 2777 est,
280 2716 312 2764 ad
325 2731 379 2766 rem
390 2719 613 2781 exaggerandam
625 2734 670 2769 sen
680 2721 749 2782 quod
790 2716 869 2766 dictae
880 2725 950 2766 sunt.

218 2807 249 2842 ea
261 2793 287 2840 in
299 2807 327 2842 re
338 2795 435 2843 oratori
453 2803 579 2858 proestare
598 2795 662 2844 velit
674 2794 746 2844 andi·
821 2799 839 2825 Ν
858 2792 1025 2855 Congiarium]
1037 2792 1142 2854 Munus,
1153 2791 1220 2855 quod
1231 2789 1300 2854 plebi
1312 2806 1320 2852 ς

220 2877 271 2932 tor,
282 2876 403 2935 ametque
415 2885 445 2919 eo
458 2871 540 2934 majus
557 2871 679 2935 quiddam
698 2871 746 2922 sibi
787 2869 936 2919 donativum
957 2882 1026 2926 sero,
1041 2867 1112 2933 quod
1129 2867 1254 2918 militibus
1271 2867 1319 2916 da·

216 2946 324 3008 fingere,
336 2946 404 3011 quod
417 2949 454 2996 rei
466 2949 641 3012 exprimendo
656 2963 745 3012 parem
789 2947 875 2998 batur.
898 2946 1062 3009 Congiarium
1074 2944 1196 2995 dietuma
1209 2944 1316 3009 conglo;

219 3037 306 3071 senon
319 3037 376 3072 esse
388 3030 477 3072 orator
489 3023 620 3085 professus
632 3025 683 3085 sit;
701 3039 748 3074 seu
788 3023 856 3087 quod
874 3025 942 3071 rasis
964 3035 1046 3084 genus
1066 3027 1125 3070 erat
1146 3021 1317 3070 sextariorum

218 3098 370 3162 qnod,uti'n
383 3098 499 3148 tenebris
509 3099 688 3162 majoranobis
699 3099 747 3148 fin·
788 3114 844 3148 sex.
877 3099 973 3148 Munus
984 3105 1070 3145 antem
1090 3096 1152 3144 illud
1169 3104 1227 3144 erat
1244 3095 1317 3144 initio

218 3175 406 3238 gimusomnisq
419 3190 495 3239 qnam
509 3176 534 3224 in
547 3177 620 3236 luce;
638 3177 746 3239 sicquae
765 3239 767 3243 Ι
789 3175 843 3222 vini
854 3181 900 3223 aut
911 3172 961 3222 olei
979 3180 1054 3220 certa
1070 3184 1200 3232 mensura,
1211 3169 1244 3219 'in
1262 3170 1318 3232 pla·

218 3253 426 3316 supprimuntur,
433 3267 463 3300 uc
476 3252 557 3301 veluti
568 3251 682 3300 tenebris
692 3251 748 3301 aba·
789 3250 848 3300 beru
860 3249 892 3299 ab
901 3250 1059 3312 imperatore
1067 3244 1217 3296 ditributa.
1249 3245 1316 3294 ‘l'urn

218 3327 362 3378 conduntur
381 3328 413 3377 ab
433 3336 547 3383 oratore,
564 3327 748 3390 majoratam·
788 3333 924 3377 extentum
935 3333 975 3376 est
987 3337 1080 3374 nornen
1093 3323 1156 3372 illud
1168 3322 1201 3373 ad
1213 3322 1315 3388 quasvis

218 3417 267 3465 per
289 3403 418 3453 videntur.
451 3404 522 3452 Hinc
543 3403 674 3454 Parrhasii
692 3405 747 3468 pic·
788 3405 866 3452 etiam
876 3401 992 3466 pecuuiae
1009 3400 1171 3464 donationes,
1186 3401 1231 3449 sed
1243 3413 1316 3448 mnx-

219 3480 284 3529 toris
304 3480 440 3542 singularis
457 3480 503 3529 illa
520 3481 575 3528 laus
594 3479 653 3536 fult,
671 3481 746 3544 eujus
786 3479 837 3529 ima
850 3478 995 3542 principum
1004 3477 1030 3526 iu
1042 3476 1160 3540 plebem3
1173 3475 1274 3524 demum
1282 3475 1316 3524 ad

217 3557 321 3621 pictura
338 3557 346 3584 ‘
355 3557 393 3606 sic
408 3565 471 3620 apte
484 3556 629 3618 desinebat,
640 3565 671 3606 ut
686 3572 747 3620 pro·
787 3556 896 3620 quodvis
905 3569 996 3604 nunnus
1009 3555 1087 3604 etiam
1105 3554 1227 3619 privatim
1244 3558 1272 3602 ct
1289 3552 1316 3606 iu

217 3635 335 3685 mitteret
346 3635 395 3684 alia
412 3642 471 3698 post
486 3649 527 3696 ae;
544 3635 745 3699 ostenderetque
787 3632 901 3696 singulos
914 3632 1047 3680 collatum.

217 3711 295 3761 etiam
313 3726 371 3775 qnae
391 3709 553 3762 occultaret?
586 3711 686 3760 Plinius
709 3711 746 3762 N.
818 3714 831 3740 ¹¹
846 3704 1038 3766 Dotamtotum]
1065 3705 1192 3768 Traianus
1210 3704 1316 3766 congia·

216 3787 254 3836 H.
265 3798 354 3836 xxxv.
366 3790 406 3835 to.
787 3781 852 3832 rium
866 3781 945 3846 plebi,
960 3781 1112 3829 donativum
1128 3778 1206 3828 militi
1219 3779 1318 3841 promia

249 3862 450 3925 ¹Tribua]Urbs
463 3863 571 3926 primum
584 3861 610 3911 in
623 3869 676 3910 tres
687 3876 746 3924 par·
786 3865 866 3909 serat.
894 3858 1014 3907 Sedcum
1024 3858 1142 3906 aerarium
1153 3857 1253 3919 utrique
1265 3856 1316 3904 lar·

217 3948 257 3990 tes
268 3938 457 4000 divisat'uerat,
471 3953 530 4003 quea
547 3938 607 3988 ideo
617 3938 693 3987 tribus
708 3939 745 3988 di·
785 3934 876 3998 gitioni
889 3933 963 3980 simul
971 3948 1020 3982 non
1029 3929 1314 3992 sufficeret,dimidium
1330 3992 1333 3998 Ι

216 4017 353 4066 cebantur.
370 4017 422 4068 Orsi
430 4016 536 4078 iugulis
549 4015 668 4064 tribubus
679 4030 745 4077 prm·
785 4009 903 4074 promissi
915 4008 1039 4058 militibus
1048 4007 1134 4057 statim
1145 4006 1233 4068 «ledit,
1245 4006 1315 4071 plebi

216 4099 302 4153 eraut,
319 4091 433 4141 ‘tribuni
445 4089 462 4152 ς’
476 4091 594 4154 pecuniae
609 4105 746 4154 reumque
789 4101 849 4136 vero
871 4092 963 4145 toturn,
980 4084 1025 4132 sed
1050 4085 1126 4146 paulo
1150 4084 1241 4134 serius.
1273 4081 1316 4133 lta

216 4166 376 4229 tributim,id
385 4173 434 4230 est,
443 4181 489 4230 per
497 4167 579 4215 tribus
587 4165 747 4230 imperaban.
788 4163 825 4212 illi
835 4162 861 4210 in
874 4168 991 4226 tempore
1004 4160 1115 4224 praelati,
1132 4160 1157 4209 bi
1168 4161 1195 4209 in
1207 4174 1314 4210 summu.

217 4252 270 4307 tur,
281 4243 441 4294 uocabantur
456 4245 464 4270 ⁴
480 4239 594 4293 tributa.'
628 4241 684 4292 Etsi
704 4256 747 4291 au·
787 4237 893 4303 Lipsius.
