3022 4852
609 421 869 484 ursnuuauro„
1230 403 1274 474 223

175 571 342 640 Romanis
362 568 571 636 commendat
591 567 790 634 electionem
815 564 995 649 Principis.
1052 561 1122 633 Ubi
1141 585 1219 652 cup.
1233 583 1276 637 x.

174 680 261 746 extr.
285 672 430 751 dixerat,
447 671 595 737 Nervam
621 659 733 736 electo
758 669 826 734 sibi
847 668 942 733 socio
965 674 1070 736 terras
1087 669 1274 758 aliquisne,

175 755 285 861 pergit
301 796 377 859 cap.
394 791 449 841 ιι.
472 775 607 853 ‘Quem
630 777 668 838 tu
689 773 848 857 lacrymis
871 771 1027 854 primurn,
1043 791 1135 870 mox!
1143 774 1276 860 templis

177 869 394 958 honestasti?
417 886 518 962 atque
533 877 590 964 ¹ita
610 878 693 942 bene
712 893 775 940 nos
798 873 893 939 ducit
909 873 953 938 ad
976 872 1172 956 apotheosin
1192 875 1275 942 Ner·

177 995 242 1050 ve.
281 980 354 1046 Sed
377 1001 455 1064 cap,
471 996 525 1046 xr.
537 981 571 1044 4.
585 980 630 1045 ad
652 979 795 1062 virtutes
808 975 947 1060 'l'rajani
962 975 1105 1042 bellicas
1124 996 1276 1061 progres-
1299 977 1300 982 ’

175 1101 294 1147 surum
318 1081 450 1159 defecit,
470 1088 507 1146 bt
524 1082 598 1167 jam
618 1081 653 1146 in
676 1080 764 1146 notis
783 1079 828 1144 ad
847 1079 879 1144 b.
893 1079 917 1144 l.
937 1081 1061 1158 monui,
1075 1079 1197 1172 ingenii
1213 1081 1276 1146 foe·

175 1183 347 1249 cuuditas.
381 1182 497 1265 Fingit
508 1183 607 1260 enim,
623 1181 788 1247 desidiam
804 1183 1136 1266 imperatorumque
1151 1183 1275 1261 fecerit,

176 1289 214 1350 nt
232 1284 385 1350 Romani
407 1286 579 1352 exercitus
600 1284 645 1350 ab
665 1283 820 1349 hostibus
839 1284 1057 1361 vincerentur,
1071 1294 1182 1352 nutam
1203 1305 1278 1352 esse

175 1405 221 1452 ex
243 1389 397 1471 ipsorum
420 1386 620 1468 arrogantia,
637 1385 724 1456 hauc
736 1390 858 1456 ,autem
873 1403 917 1448 ex
933 1391 1184 1452 antecessorum
1200 1407 1278 1454 suo·

178 1511 250 1554 rum
272 1489 467 1569 divinitate3
489 1488 581 1572 quod
601 1487 705 1576 paulo
717 1487 829 1564 ,altius
849 1487 1027 1572 repetitum
1048 1494 1109 1567 est,
1125 1479 1221 1574 quum
1242 1497 1279 1556 ut

178 1593 312 1676 placere
337 1591 452 1658 lectori
472 1590 595 1674 possit.
639 1587 695 1654 Ad
711 1589 893 1672 ingressum
918 1589 954 1656 in
979 1593 1092 1684 urbem
1114 1611 1189 1676 cup.
1207 1609 1279 1658 xx.

177 1695 252 1758 sine
281 1693 479 1775 ambagibus
504 1713 580 1758 eum
603 1693 697 1758 ducit
722 1693 799 1777 ipse
823 1712 930 1760 rernm
954 1694 1069 1760 series.
1111 1694 1279 1765 Absoluta
1417 1733 1420 1740 »

176 1798 290 1880 prima
301 1796 460 1860 orationis
473 1803 574 1878 perte,
586 1815 661 1880 cap.
672 1811 770 1862 xxv.
786 1815 854 1862 non
868 1796 957 1862 male
969 1796 1181 1882 interrumpit
1195 1817 1280 1882 pau-

174 1899 284 1964 lnlu‘nr
307 1899 464 1964 orationis
488 1897 592 1976 filum,
613 1917 702 1964 nova
724 1898 1097 1983 quasipraefatiuncula
1119 1901 1279 1970 texenda.

178 2001 276 2068 Bene
293 2022 314 2066 a
327 2001 496 2083 congiario
508 2000 552 2064 ad
564 2019 679 2065 curam
692 2020 844 2077 annonae,
859 2019 937 2083 cap.
948 2015 1067 2066 xxix.
1080 1995 1200 2070 transit
1213 2003 1279 2072 bac

179 2105 370 2170 sententia:
395 2109 404 2138 ⁸
425 2102 537 2170 Instar
550 2121 614 2186 ego
629 2102 784 2186 perpetui
803 2103 966 2184 congiarii
985 2121 1060 2200 reor
1078 2101 1280 2173 affluentium

180 2203 344 2272 annone?
367 2203 487 2288 Neque
499 2223 577 2288 cap.
588 2203 740 2292 xxinru.
755 2205 922 2270 vinculum
933 2205 1027 2283 illud,
1043 2206 1280 2274 ‘satisfactum

180 2329 250 2392 qun
274 2308 410 2388 civium,
429 2325 498 2390 qun
512 2306 682 2372 sociorum
698 2306 909 2372 utilitatibus.
954 2306 1075 2374 Visum
1087 2315 1281 2399 estspecta·

180 2411 294 2477 culum
315 2407 415 2504 inde,'
429 2413 491 2482 duc.
515 2409 695 2493 displicere
715 2410 833 2476 lectori
856 2417 981 2493 potest,
1002 2429 1071 2494 quo
1089 2411 1190 2480 simul
1205 2416 1280 2484 laus

181 2513 324 2598 TraJani
341 2513 538 2590 continetur,
554 2513 614 2595 qui
629 2518 707 2596 post
721 2513 883 2578 utilitates
904 2513 1036 2578 demum
1052 2517 1281 2600 promotnsad

178 2615 580 2700 pblectandumexmore
593 2615 759 2698 populum
771 2617 971 2698 converterit
985 2618 1142 2683 animum.
1175 2619 1281 2702 Spec-
1363 2647 1367 2656 ·

182 2718 308 2784 tucnlis
320 2736 395 2801 cup.
407 2731 557 2796 xxxiv·
573 2715 666 2780 nullu
678 2717 768 2781 saltu
778 2717 885 2795 facto,
901 2718 1073 2800 subjungit
1093 2719 1281 2788 delaturum

181 2819 364 2908 supplicia,
376 2838 453 2903 quae
469 2824 503 2882 et
515 2817 595 2901 ipsu
605 2816 772 2888 Romanis
783 2826 876 2884 erant
890 2821 1122 2904 spectaculum
1132 2825 1280 2906 gratissi-

182 2943 287 2996 mum,
300 2915 493 3006 ‚preese'rtim
516 2941 592 2986 cum
614 2921 664 2986 illi
687 2941 749 3006 per
770 2922 1049 3007 amphitheatrum
1072 2925 1280 3009 ducerentur,

182 3025 242 3114 ubi
259 3023 474 3091 Domitianus
485 3030 582 3088 antea
593 3043 613 3088 e
624 3025 869 3108 spectatoribus
890 3026 1127 3094 innocentibus
1141 3038 1282 3112 ¹specta·

185 3126 405 3198 culafecerat.
427 3124 763 3210 Adolatoribus,qni
775 3128 929 3192 serarium
941 3129 1208 3214 locupletabant,
1220 3152 1283 3215 pu·

188 3229 278 3308 uitis,
289 3231 398 3314 pergit
413 3248 490 3312 cap.
501 3243 650 3322 xxxvl.
662 3231 694 3294 4.
711 3230 754 3294 nd
768 3237 1002 3314 procuratores
1017 3230 1281 3313 fiscicodrcitos,

187 3330 390 3416 objectionis
399 3351 551 3398 munere:
576 3327 649 3396 ‘At
659 3331 806 3401 fortasse
817 3351 885 3398 non
900 3331 1018 3400 eadem
1034 3336 1209 3404 severitate
1225 3337 1281 3406 bs·
1333 3403 1336 3412 ,

184 3455 274 3513 cum,
286 3454 355 3520 qua
366 3433 531 3512 aerurium,
546 3433 684 3520 cohibes
692 3432 713 3501 τ’
728 3437 1013 3521 quemadmodum
1028 3457 1105 3522 cap.
1119 3455 1233 3506 xurrx.
1249 3444 1298 3514 4.-

183 3537 448 3620 interrogatione
465 3537 584 3614 eodem
604 3537 747 3604 consilio
768 3540 872 3606 utitur
880 3560 896 3605 :1
912 3544 923 3574 ‘
938 3539 1029 3606 Num
1046 3549 1158 3608 autem
1174 3545 1281 3612 serias

184 3647 317 3710 tantum
337 3648 449 3723 partes
468 3639 597 3706 dierum
612 3641 647 3704 in
660 3642 771 3708 oculis
785 3645 908 3710 nostris
921 3645 1121 3710 consumisl
1147 3667 1213 3712 nun
1228 3635 1283 3714 re-

152 3779 154 3785 ·
183 3743 400 3810 missionibus
414 3742 504 3820 tnis,'
513 3746 574 3808 &c-
619 3743 706 3828 Cup.
717 3761 832 3814 xvrrr.
847 3748 995 3812 breviore
1008 3747 1151 3814 formula
1164 3749 1282 3814 desun-

183 3847 291 3928 gitur:
314 3844 440 3910 ‘Aliud
456 3863 501 3910 ex
513 3847 581 3913 alio
592 3846 676 3932 mihi
695 3848 867 3928 occurrit3'
883 3849 942 3914 sed
957 3849 1281 3932 interdumplnribus

184 3954 355 4031 praeparat
366 3946 525 4013 lectorem
546 3948 589 4012 ad
601 3952 790 4032 sequentia,
802 3961 837 4016 et
857 3939 916 4035 per
930 3954 1085 4042 ambages
1101 3952 1281 4024 sihimunit

184 4048 287 4126 riam,
300 4055 336 4114 ut
345 4065 542 4131 capxurv.
554 4051 612 4117 ubi
624 4053 728 4119 lector
738 4041 795 4128 visx
808 4056 996 4133 sentit,alio
1007 4073 1044 4120 se
1053 4054 1195 4135 traduci,
1205 4077 1280 4143 cap.

186 4164 264 4218 bvr.
277 4151 421 4224 ,haubi
441 4152 485 4217 ad
506 4154 700 4248 consulatus
719 4155 856 4240 Traiani
875 4157 1091 4262 prpgreditur,
1113 4165 1184 4224 tum
1204 4181 1279 4246 cap.

187 4264 412 4322 cxxxnret
422 4258 646 4340 cxxxv.uhi
658 4260 832 4328 sententiae
843 4260 1027 4345 praemissos
1040 4264 1279 4355 propemodum
