3022 4852
682 408 784 454 Vl'l'A·
1231 395 1273 460 71

183 549 250 614 illis
264 548 409 613 toeminis
422 547 614 629 relegatum,
630 549 694 633 Ep.
709 566 766 612 ιιι.
782 549 834 612 ll.
849 549 994 614 nondum
1006 552 1049 614 ab
1065 551 1167 616 exilio
1178 554 1273 618 redu·

186 669 280 728 cem;
303 649 363 712 sed
379 667 455 711 cunr
474 657 583 712 tamen
594 652 667 732 ipse
681 651 832 732 praetoris
846 649 956 714 officio
967 651 1037 732 jam
1052 651 1270 731 interfuissem

182 752 206 812 i.
221 771 250 812 e.
265 768 388 812 novum
405 748 504 829 hujus
516 768 571 813 au.
587 757 761 832 praetorem
776 749 857 812 Kal.
872 748 895 811 J
897 768 950 812 an.
962 769 1084 814 munus
1095 754 1273 834 auspican·

184 858 249 913 tem
265 849 366 913 officii
381 867 487 912 causa
498 851 676 914 comitatus
687 856 788 927 essct,
804 869 845 913 ac
860 850 1070 914 deduxisset.
1104 849 1183 928 Quo
1198 873 1273 917 sen-

184 971 224 1014 su
240 951 440 1032 Spartianus
456 951 557 1012 notat'
566 950 774 1014 Hadrianum
796 948 937 1013 ‘Remae
952 958 1128 1033 praetorum
1146 959 1180 1014 et
1194 971 1274 1017 con·

183 1049 295 1113 sulum
312 1047 421 1112 officia
435 1047 729 1130 frequentavisse3'
752 1056 851 1131 atque
875 1049 999 1113 Noster
1014 1051 1076 1133 Ep.
1094 1068 1145 1113 ιν.
1162 1053 1215 1117 17.
1230 1054 1272 1118 de

183 1149 350 1213 Corellio:
376 1146 482 1221 ‘Ille,'
496 1149 556 1219 ait,
577 1150 630 1211 ‘in
645 1150 799 1212 omnibus
809 1148 926 1213 officiis
935 1149 1070 1224 nestris,
1085 1170 1275 1236 quanquam

184 1258 218 1314 et
232 1249 420 1313 imbecillus
436 1253 470 1311 et
484 1249 604 1326 senior,
621 1250 716 1332 quasi
735 1250 867 1331 juvenis
882 1253 916 1312 et
937 1249 1068 1314 validus
1088 1253 1276 1334 conspicie-

182 1348 305 1414 batur!
347 1348 493 1429 Legatur
508 1349 572 1430 Ep.
587 1355 626 1410 ιι.
641 1349 672 1411 l.
688 1355 721 1413 et
732 1364 788 1411 rx.
799 1349 853 1414 37.
866 1351 1123 1433 consolaturque
1135 1353 1273 1435 Lipsius

183 1449 226 1512 de
238 1449 376 1530 Magist.
387 1447 490 1513 Rom.
507 1468 583 1531 cap.
597 1465 652 1511 rx.
668 1448 776 1512 Hadr.
790 1448 947 1514 Valesius
961 1458 1030 1516 not.
1041 1453 1083 1516 ad
1095 1451 1171 1517 Αιιι.
1184 1453 1275 1518 Mar·

184 1551 260 1614 cell.
275 1565 387 1612 xxvr.
403 1548 436 1614 1.
458 1553 519 1613 &a

224 1649 365 1714 Etiamsi
379 1668 457 1712 rere
468 1649 662 1713 relationem
675 1650 716 1713 de
732 1646 830 1714 Certo
842 1649 958 1714 Caesar
972 1650 1087 1715 Nerva
1107 1655 1117 1686 ‘
1130 1652 1171 1715 ad
1181 1672 1273 1717 sena-

180 1757 251 1816 tum
264 1770 332 1814 non
347 1751 521 1826 remiserit,
539 1750 684 1814 obtinuit
697 1757 808 1813 tamen
824 1749 955 1813 Plinius
968 1751 1060 1834 quod
1076 1752 1273 1818 intenderat.

177 1852 274 1917 -Nam
289 1851 420 1932 collega
435 1850 525 1915 Certi
544 1851 765 1928 consulatum,
786 1869 1019 1914 successorem
1040 1849 1159 1915 Certus
1178 1872 1272 1917 aece-

181 1952 255 2037 pit,’
276 1953 341 2035 Ep.
359 1968 415 2014 tx.
438 1951 491 2014 13.
511 1953 534 2014 i.
555 1972 584 2016 e.
604 1959 641 2015 ut
665 1959 737 2015 toto
761 1957 917 2015 contextu
940 1951 1164 2034 perspicuum,
1181 1953 1272 2017 Certi

181 2053 322 2136 collega,
337 2054 371 2116 in
392 2052 501 2116 aerarii
515 2071 632 2135 nempe
646 2053 855 2134 praefectura,
870 2053 930 2136 qui
950 2051 1091 2116 Vectius
1107 2052 1272 2118 Proculus

182 2161 261 2216 ante
282 2154 479 2223 nominatus,
510 2152 721 2216 consulatum
748 2152 901 2229 obtinuit,
923 2152 965 2216 ad
990 2172 1089 2235 quem
1110 2152 1228 2218 certus
1251 2175 1273 2220 a

181 2254 375 2318 Domitiano
394 2253 502 2316 fuerat
520 2252 732 2333 designetus3
755 2259 854 2336 atque
877 2252 962 2317 alius
978 2253 1078 2320 Certo
1098 2273 1272 2332 successor

180 2354 214 2416 in
227 2373 269 2417 ea
291 2351 488 2436 praesectura
510 2353 608 2416 datus
628 2354 699 2417 suit.
744 2351 822 2430 Quo
844 2359 946 2435 pacto
967 2355 1066 2436 plane
1080 2355 1203 2420 lactum
1218 2364 1271 2421 est

180 2454 272 2537 quod
291 2455 422 2518 dixerat
444 2454 478 2516 in
500 2453 566 2516 fine
585 2454 743 2518 erationis
766 2455 908 2519 Noster:
938 2459 949 2491 ‘
960 2454 1095 2520 Reddat
1115 2455 1270 2540 (Certus)

178 2554 351 2636 praemium
378 2554 442 2617 sub
461 2554 592 2634 optimo
613 2555 775 2636 principe,
792 2554 884 2636 qued
899 2575 920 2618 a
935 2557 1082 2637 pessimo
1105 2555 1267 2638 accepit?

177 2655 226 2720 uti
242 2655 421 2738 subjungit.
458 2653 747 2718 Hallucinationes
762 2654 823 2716 hac
840 2655 927 2718 dere
944 2654 1078 2736 Onuplr.
1093 2655 1271 2730 Ραιινίιιίἰ,ι

178 2764 213 2821 et
226 2755 460 2829 Titlemontii,¹¹
482 2754 539 2836 qui
565 2754 624 2817 illa
644 2755 746 2818 verba
761 2753 860 2817 aliter
879 2760 1059 2835 exponunt,
1083 2773 1124 2818 ac
1144 2773 1165 2818 a
1190 2773 1266 2818 vcro

177 2877 277 2922 sensu
293 2858 426 2920 omnino
438 2855 643 2937 detorquent,
658 2854 823 2937 prolixius
835 2854 1021 2918 convellere
1034 2873 1098 2918 non
1114 2859 1223 2919 vacat.

220 2959 322 3022 Suam
337 2957 501 3020 actionem
525 2955 654 3020 Noster
675 2962 796 3036 postea
816 2954 991 3036 recollegit
1011 2955 1192 3038 multisque
1207 2956 1266 3019 ad·

176 3059 254 3124 ditis
270 3057 373 3122 edidit
387 3059 450 3120 sub
467 3058 565 3122 titulo
576 3057 734 3122 librorum
753 3058 795 3121 de
811 3057 960 3122 Helvidii
974 3057 1114 3134 ultione,
1129 3057 1196 3139 Ep.
1208 3056 1266 3120 cit.

177 3169 212 3224 et
227 3177 277 3223 ιν.
292 3159 345 3222 21.

219 3255 372 3326 Uxorem
388 3264 421 3322 et
433 3258 496 3322 hoc
511 3277 565 3321 an.
578 3257 708 3320 Plinius
720 3256 855 3335 amisit;
877 3273 952 3320 narn
967 3274 1008 3319 ea
1022 3257 1151 3338 ‘nuper
1162 3258 1264 3321 amis-

177 3360 236 3426 sa’
258 3366 339 3438 erat,
353 3368 388 3422 et
402 3358 493 3422 illum
516 3364 654 3422 ‘recens
668 3358 775 3422 adhuc
798 3357 910 3422 luctus
924 3356 1036 3420 limine
1050 3356 1266 3436 continebat,'

176 3484 250 3529 cum
262 3462 393 3528 Anteiae
409 3464 499 3544 (quae
513 3466 616 3543 nupta
630 3459 791 3525 Helvidio
806 3457 925 3536 suerat,
938 3458 1076 3522 sedtum
1086 3457 1158 3541 jam
1168 3458 1265 3522 alteri

175 3561 350 3647 nupserat)
361 3562 568 3642 significavit,
586 3561 788 3624 destinatum
805 3559 871 3624 sibi
885 3577 973 3636 esse,
987 3560 1141 3644 maritum
1158 3559 1264 3625 vindi-

177 3684 272 3743 cere;
294 3663 395 3744 idque
411 3661 516 3725 tribus
532 3667 611 3724 ante
625 3659 742 3723 diebus
757 3677 860 3743 quam
876 3679 942 3723 rem
958 3661 994 3722 in
1008 3659 1131 3723 Senatu
1143 3667 1262 3741 ageret

177 3765 310 3841 Noster,
326 3761 389 3845 Ep.
405 3761 532 3825 rx.13.
575 3760 683 3824 Istius
698 3761 815 3825 uxoris
830 3765 918 3843 (quae
934 3761 1082 3824 secunda
1097 3761 1263 3824 Domitia-

173 3867 208 3928 ni
234 3863 439 3946 temporibus
459 3861 572 3924 Plinio
596 3857 712 3945 nupta,
739 3881 781 3925 ex
806 3860 871 3942 Ep.
895 3876 936 3923 x.
961 3858 1010 3942 2.)
1031 3859 1166 3922 vitricus
1191 3867 1261 3924 erat

174 3966 317 4030 Vectius
332 3963 510 4038 Proculus,
522 3961 658 4042 college,
673 3962 779 4026 nimir.
793 3962 826 4025 in
838 3963 945 4027 aerarii
956 3959 1161 4052 praefectura,
1170 3959 1262 4023 Pub·

174 4068 244 4132 licii
260 4065 363 4142 Certi,
377 4063 419 4127 de
434 4083 500 4145 quo
514 4062 674 4145 agebatur
689 4062 752 4146 Ep.
769 4078 824 4126 rx.
839 4063 892 4127 13.

207 4262 215 4294 ⁸
230 4260 330 4309 Cenum.
342 4256 368 4306 in
379 4257 450 4307 Part.
461 4255 506 4307 lib.
517 4268 548 4305 ιι.
558 4271 585 4320 p.
596 4258 655 4306 att.
768 4261 780 4286 ¹¹
798 4253 868 4305 Hirt.
881 4253 928 4304 des
940 4252 1033 4316 Empp.
1044 4251 1073 4302 T.
1085 4266 1117 4305 ιι.
1130 4266 1154 4316 p.
1165 4256 1221 4302 897.
