3022 4852
494 371 499 380 ·
614 353 876 402 nrsrursrro.¹
945 361 952 402 ·.
1232 339 1277 404 39
1303 393 1306 400 .

173 511 290 562 xnrrr.
313 499 324 534 ¹
336 494 610 578 Postquamnon
632 493 853 571 crudelitatis,
871 495 1076 578 'sedoneris
1098 497 1274 576 excubiis;

170 620 236 664 non
265 597 442 686 altitudine
468 602 502 658 et
527 595 696 672 claustris,
720 596 778 658 sed
793 597 1136 662 civium-celebritate
1153 597 1275 679 desen-

171 697 281 762 ditur.’
325 697 436 760 Etiam
459 695 578 760 Cicero
602 694 661 758 Or.
683 715 758 780 cap.
784 715 820 762 n..
839 696 1043 780 frequentem
1071 717 1109 760 se
1136 718 1213 762 esse
1239 699 1273 760 in

172 799 342 868 antithetis
362 797 501 874 saletor3
524 797 715 880 frequentes
730 799 829 862 etiarn
845 798 977 868 suerunt
992 797 1137 878 Gorgias
1150 805 1183 862 et
1198 796 1288 886 Iso·

173 907 303 964 crates:
332 899 366 963 hi
394 917 524 973 omnes,
551 899 678 962 numeri
705 900 839 964 oratorii
862 898 985 964 studio.
1041 899 1169 980 Negari
1194 920 1274 966 sane

171 1021 238 1064 non
262 1009 387 1082 potest,
405 999 568 1063 antitheta
591 1001 677 1064 bene
700 1002 841 1066 sornrata
862 1021 1030 1065 numerum
1053 1001 1177 1066 addere
1200 1023 1274 1066 ora-

172 1102 257 1166 tioni
281 1109 316 1164 et
336 1102 477 1182 gratiam
501 1102 680 1183 quandam,
703 1103 847 1168 utillud
872 1103 1066 1182 Ciceronis:
1090 1103 1182 1166 ‘Est
1199 1104 1271 1170 haee

169 1222 237 1265 non
259 1202 399 1284 scripta,
422 1201 482 1266 sed
505 1208 582 1266 nata
605 1203 686 1281 lex,'
711 1209 743 1268 et
766 1225 842 1288 qua>
867 1214 1068 1288 sequuntur;
1100 1206 1270 1286 vulgatum

171 1305 262 1366 enim
284 1304 368 1366 satis
391 1309 444 1366 est
465 1303 657 1385 exemplum
675 1304 769 1368 illud.
814 1304 925 1370 Etiam
942 1307 1076 1370 Plinius
1100 1307 1198 1389 hujus
1213 1327 1271 1388 ge·

169 1405 258 1468 neris
280 1404 449 1486 exempla,
465 1423 541 1486 quae
563 1404 696 1468 laudern
717 1412 895 1481 merentur,
912 1407 1142 1488 suppeditabit
1165 1407 1271 1490 studi:

171 1505 257 1581 osis,
273 1509 310 1568 ut
332 1504 426 1581 illud,
442 1505 534 1586 quod
555 1505 654 1567 modo
666 1525 697 1568 e
721 1523 865 1589 eap.1v.
881 1507 999 1588 posui3
1023 1513 1083 1570 aut
1100 1525 1175 1588 cap.
1192 1523 1271 1570 uvr.

170 1605 418 1688 ‘Magnificum
444 1612 498 1668 est
522 1605 651 1668 civibus
672 1605 770 1688 jura;
801 1607 906 1688 quidl
935 1607 1090 1670 hostibus
1116 1605 1270 1672 reddere:

170 1709 377 1790 speciosum,
405 1714 527 1770 certam
555 1707 618 1770 fori
644 1713 791 1789 partem3
816 1709 921 1790 quid?
944 1709 1104 1788 immanes
1130 1728 1270 1790 campos

170 1809 256 1872 sella
275 1807 394 1884 curuli,
411 1809 614 1890 victorisque
631 1810 773 1890 vestigio
793 1827 960 1890 premere:
982 1809 1149 1872 imminere
1165 1811 1270 1874 mina·

169 1911 264 1974 cibus
290 1909 374 1990 ripis
401 1915 505 1973 tutum
532 1912 765 1993 quietumque;
793 1909 896 1992 quidl
927 1929 1083 1992 spernere
1110 1911 1270 1974 barbaros

167 2011 336 2076 fremitus!
381 2010 475 2074 Ferit
487 2011 552 2074 hoc
568 2012 863 2092 exemplumcerte
879 2012 1043 2090 animum;
1066 2029 1270 2093 quanquam,

168 2118 208 2176 ut
227 2113 260 2174 in
275 2113 365 2176 notis
378 2113 579 2190 monuimus,
593 2112 750 2176 nonnulla
767 2114 888 2190 insunt,
903 2132 984 2196 quae
1002 2119 1148 2176 attentus
1163 2111 1269 2176 lector

167 2213 252 2276 sorte
278 2217 404 2294 mutata
430 2212 533 2275 malit.
578 2211 702 2276 Verum
725 2213 880 2296 quoniam
906 2213 989 2278 talia
1011 2222 1116 2276 artem
1138 2233 1209 2296 prae
1231 2217 1269 2278 s'e

167 2314 279 2378 ferunt
302 2317 337 2376 et
360 2312 520 2388 studium,
536 2313 684 2396 qualium
707 2315 872 2379 celerrime
889 2289 1029 2378 satietas
1046 2315 1148 2389 venit,
1166 2333 1268 2396 prop·

168 2421 257 2479 terea
278 2433 380 2496 parce
402 2433 459 2496 per
482 2415 665 2477 orationem
687 2421 722 2477 et
741 2414 918 2496 prudenter
933 2413 1158 2495 dispensanda
1181 2421 1268 2478 sunt.

167 2515 291 2599 Neque
303 2521 412 2578 tamen
424 2513 514 2596 apud
528 2512 692 2578 Nostrum
706 2515 779 2580 haee
793 2515 870 2596 ipsa
881 2514 1089 2577 multitudine
1101 2533 1163 2576 sua
1175 2520 1267 2577 tanto

168 2637 267 2698 optare
282 2614 493 2690 offenderent,
508 2615 574 2678 nisi
591 2615 657 2678 alia
673 2615 883 2690 accederent,
899 2633 975 2695 quae
990 2614 1125 2680 taedium
1141 2633 1184 2676 ex
1199 2614 1267 2676 illis

167 2714 376 2780 efflorescens
399 2716 567 2796 insigniter
590 2722 723 2794 augent.
769 2714 895 2792 Eorum
914 2711 1077 2774 nonnulla
1091 2712 1163 2793 jam
1178 2731 1267 2774 corn·

167 2818 370 2896 memoravi3
394 2816 452 2879 sed
468 2816 562 2902 plura
578 2820 702 2884 restant
713 2814 869 2886 notanda.
1199 2821 1202 2826 ’

208 2916 405 3000 Anaphora,
421 2916 551 2980 modice
576 2923 611 2980 et
625 2936 686 2979 suo
707 2917 782 2980 loco
798 2916 957 2991 adhibita,
972 2915 1168 2998 gravitatem
1187 2934 1265 2978 con·

167 3019 439 3093 ciliat2orationi,
455 3023 487 3080 et
506 3037 674 3082 numerum
695 3018 846 3101 adjuvat,
863 3019 1085 3100 inprimisque
1104 3021 1266 3079 attentum

165 3122 277 3189 reddit
298 3119 483 3192 auditorem
508 3118 551 3182 ad
573 3118 818 3184 multitudinem
843 3138 961 3194 rerum,
984 3117 1149 3198 quaejam
1171 3134 1266 3178 enar·

165 3229 290 3296 rantur,
311 3219 571 3303 percipiendam.
616 3217 745 3282 Noster
769 3237 847 3279 vero
871 3235 930 3278 cur
950 3216 1013 3276 hac
1036 3213 1142 3294 figura
1164 3212 1264 3280 toti'es

165 3325 292 3386 abusus
321 3323 374 3399 sit,
403 3341 469 3385 non
499 3321 642 3403 reperio.
696 3319 863 3384 'Plurimis
894 3318 980 3382 enim
1010 3319 1108 3392 locis,
1140 3321 1265 3380 tantum

165 3426 275 3500 abest,
306 3429 341 3486 ut
371 3442 504 3504 gravem
533 3421 652 3486 reddat
676 3423 873 3491 orationem,
899 3426 956 3484 aut
980 3438 1201 3494 numerosam,
1228 3425 1265 3482 ut

163 3527 329 3610 puerilem
355 3524 490 3600 efficiat,
513 3543 675 3605 auresque
699 3523 905 3587 audientium
932 3529 1061 3585 enecet·
1103 3521 1180 3588 Non
1200 3520 1265 3584 'im-

163 3629 268 3711 probo
290 3626 350 3690 illa
370 3647 389 3690 e
406 3646 482 3708 cap.
500 3643 524 3688 1.
550 3630 560 3659 ⁴
577 3625 624 3689 Ut
639 3625 717 3689 milri
738 3624 837 3706 digna
854 3624 1001 3698 consule,
1016 3622 1117 3704 digna
1132 3628 1262 3714 senatu,

162 3729 265 3810 digna
297 3729 448 3812 principe
480 3727 650 3808 contingat
679 3725 810 3790 oratio!
864 3724 1038 3806 Repetitio
1069 3724 1156 3784 enim
1186 3724 1262 3782 voc,

99 3879 102 3890 .
161 3829 304 3910 ‘digna'
334 3828 573 3911 plenitudinem
599 3827 766 3910 quandam
797 3825 914 3906 gignit,
947 3823 1096 3905 facitque
1123 3829 1160 3882 ut
1192 3827 1261 3884 tarn

161 3930 344 3996 multitudo
371 3947 601 4012 personarum,
628 3947 766 4009 quarum
793 3927 879 3990 ratio
902 3923 1056 3989 habenda
1079 3922 1135 3997 sit,
1160 3941 1261 4002 quam

162 4033 328 4113 gradatio,
351 4051 427 4114 quae
450 4033 482 4094 in
505 4029 623 4094 ceteris
646 4030 755 4092 verbis
778 4030 875 4104 inest,
897 4026 1031 4090 facilius
1054 4013 1261 4090 animadverss

161 4141 265 4224 tatur.
324 4132 446 4215 Neque
474 4131 632 4218 displicet
658 4150 677 4194 e
701 4151 778 4215 cap.
806 4147 857 4194 rv.
888 4127 988 4192 ‘Jam
1015 4123 1168 4200 firmitas
1189 4122 1260 4207 jam
