3112 4852
503 405 788 470 renueremus.
834 405 858 452 r.
881 388 936 453 23.
1214 387 1280 454 193

177 559 278 624 turba
292 557 476 638 pateretur,
488 549 678 628 incederes;
701 547 792 630 quod
813 542 1061 611 occursantium
1078 545 1279 629 populante

177 677 324 742 quoque,
350 662 384 719 te
408 657 510 718 immo
534 653 693 728 maxime,
710 649 858 714 adstaret
867 647 899 728 ;s
921 646 1011 730 quod
1036 648 1142 728 primo
1166 648 1280 712 statim

177 761 232 826 die
248 763 337 826 latus
353 768 444 823 tuum
461 757 612 822 crederes
628 755 793 819 omnibus.
836 755 869 818 3.
894 751 1017 834 Neque
1031 751 1119 814 enim
1135 752 1279 832 stipatus

176 865 360 930 satellitum
377 881 489 937 manu,
505 859 563 923 sed
587 856 810 923 circumluens
834 854 990 939 undique,
1013 873 1101 918 nunc
1125 863 1278 931 senatus,

176 985 264 1031 nnnc
284 963 452 1048 equestris
471 961 609 1038 ordinis,
631 957 722 1040 flore,
745 963 845 1041 prout
867 957 1057 1020 alterutrum
1082 957 1277 1039 frequentiae

177 1087 281 1150 genua
297 1065 521 1141 invaluissent
544 1063 681 1126 silentes
703 1061 905 1143 quietosque
926 1053 1074 1122 lictores¹
1104 1066 1181 1121 tuos
1204 1059 1281 1122 suba

176 1170 375 1252 sequebare.
418 1168 452 1230 4.
475 1164 567 1229 Nam
582 1163 709 1226 milites
724 1160 807 1225 nihil
820 1181 841 1224 a
853 1161 962 1243 plebe,
978 1159 1106 1238 habitu,
1118 1159 1282 1244 tranquil-

177 1271 285 1343 litate,
302 1268 481 1343 modeetia,
496 1263 702 1330 differebant.
723 1261 795 1328 Ubi
808 1259 885 1330 vcro
897 1264 1032 1344 coepisti
1043 1261 1252 1344 Capitolium
1263 1270 1283 1298 ¹¹¹

179 1370 373 1446 ascendere,
386 1388 487 1452 quarn
502 1367 582 1432 laeta
594 1366 751 1432 omnibus
763 1364 953 1448 adoptionis
965 1372 1056 1429 tuee¹¹
1072 1362 1281 1429 recordatio!

181 1471 293 1549 Quam
309 1471 479 1553 peculiare
492 1469 648 1551 gaudium
663 1485 791 1543 eorum,
807 1467 866 1550 qui
885 1471 916 1530 te
938 1467 1037 1548 primi
1061 1466 1180 1531 eodem
1204 1469 1281 1533 loco

180 1575 409 1638 salutaverant
423 1570 679 1654 Imperatorem!
703 1567 910 1664 Quinetiam
922 1561 1283 1653 Deumipsnmtuuw

206 1721 224 1762 s
238 1721 307 1776 Quod
316 1722 402 1780 vulgus
413 1719 450 1769 cel
461 1725 484 1770 te
496 1720 582 1782 ipsum,
592 1721 663 1768 immo
674 1723 697 1769 te
708 1720 812 1769 emnium
823 1719 926 1768 maxime
937 1719 1109 1769 circumastant.

208 1794 222 1829 ε
241 1785 318 1834 Prosit
326 1786 465 1833 alterutrius
476 1785 602 1833 multitudo
612 1785 719 1844 ratperta
729 1784 826 1846 propius
837 1786 869 1833 ad
881 1789 904 1832 ts
913 1789 1008 1846 poterat
1018 1785 1137 1833 accedere.

643 1891 825 1914 ”nomme

181 1963 202 2014 si
212 1960 262 2014 hcc
274 1961 441 2022 retineamus,
452 1976 528 2026 quem
541 1961 609 2025 qued
621 1967 660 2009 est
672 1960 698 2008 in
706 1961 819 2023 Guelplr.
829 1966 854 2010 te
862 1961 1037 2024 spectauimus,-
1048 1961 1173 2023 majorem
1187 1961 1284 2012 etenim

179 2027 367 2092 impatientiam
385 2025 480 2075 civium
493 2025 600 2086 indicat,
618 2025 685 2088 quod
701 2040 733 2074 ne
753 2032 804 2074 tam
824 2027 869 2076 diu
889 2033 997 2088 aspectu
1017 2026 1181 2087 imperatoris
1194 2039 1285 2077 carere

179 2100 295 2158 possent,
307 2091 366 2139 dum
379 2090 568 2152 precederent.
590 2089 729 2139 Eumenius
742 2091 840 2152 Paneg.
851 2091 942 2140 Cenat.
955 2103 1013 2153 cap.
1026 2094 1067 2139 te.
1078 2090 1085 2116 ‘
1096 2091 1162 2141 Qua
1175 2091 1288 2155 singula,

179 2167 209 2206 ut
220 2164 399 2220 respectantes
411 2153 589 2216 agnoverant!
622 2155 696 2204 Idem
708 2153 791 2204 codex
803 2155 892 2204 statim
904 2156 1080 2204 occursantium
1087 2172 1098 2212 ,·
1114 2155 1159 2204 esd
1173 2157 1285 2206 alterum

178 2219 343 2284 frequentius
356 2226 405 2274 eat,
423 2224 451 2267 et
460 2219 546 2267 Plinio
557 2220 682 2268 usitatum
695 2219 794 2282 nangis.'
809 2219 928 2269 tarsen.
963 2219 1033 2270 Gud.
1044 2223 1069 2268 2.
1081 2220 1250 2270 habersuam
1261 2227 1286 2271 ie

178 2285 343 2350 spectantium.
377 2283 461 2333 codd.
472 2283 545 2332 Vatt.
557 2288 580 2332 1.
592 2288 616 2332 2.
629 2288 652 2332 ³.
664 2289 689 2335 4.
701 2283 815 2347 Gnelplr.
826 2289 854 2332 et
872 2284 940 2334 Gud·
952 2288 976 2334 2.
993 2284 1091 2333 habent
1102 2286 1164 2348 quad
1174 2299 1286 2334 aenan·

181 2351 251 2399 tiam.
280 2349 328 2397 Vir
345 2347 450 2410 doctus,
459 2349 569 2397 Livineii
586 2349 693 2405 amicus,
704 2354 781 2411 prote
792 2349 871 2411 immo,
884 2349 948 2410 legit
959 2355 982 2396 te
992 2348 1018 2396 in
1030 2349 1085 2409 imo,
1096 2349 1112 2396 l.
1123 2363 1147 2397 e.
1160 2349 1186 2397 in
1199 2353 1287 2414 plane,

183 2413 291 2463 utinfra
302 2413 413 2468 Plinius,
429 2412 560 2461 ‘devexus
574 2412 599 2460 iu
611 2413 731 2474 planum.’
767 2411 852 2462 codd.
873 2415 963 2462 Petav-
979 2413 1070 2464 Salisb.
1084 2421 1111 2463 et
1123 2415 1189 2464 Eric.
1211 2416 1289 2464 Voss.

181 2483 205 2529 te
215 2494 279 2536 uno,·
295 2479 369 2526 vett.
381 2482 405 2526 1.
416 2483 440 2528 2.
453 2481 477 2525 3.
487 2481 512 2526 4.
524 2477 750 2538 strepuerunt.
762 2481 787 2526 2.
804 2477 859 2526 teia
871 2493 925 2527 nne.
949 2478 1031 2526 Perit.
1042 2478 1214 2527 Sclrweraien.
1233 2479 1287 2528 elit·

182 2557 234 2606 que
244 2542 321 2592 codd.
332 2548 434 2604 aperte,
443 2547 467 2590 te
478 2541 565 2598 imma,
580 2543 620 2590 vel
633 2548 656 2590 te
664 2543 720 2590 ino.
738 2543 812 2600 Mox,
823 2556 869 2602 pro
878 2544 992 2601 adstaret,
1002 2542 1070 2604 quod
1080 2551 1185 2591 serrant
1198 2557 1287 2594 ornnes

182 2607 260 2656 codd.
283 2614 311 2656 et
329 2605 388 2656 cdd.
407 2605 519 2654 Behriue
541 2605 611 2667 conj.
629 2610 744 2661 steterat,
765 2620 841 2669 quarn
862 2607 1039 2669 conjecturem
1063 2608 1164 2668 recepit
1187 2607 1288 2666 Gierip.

181 2668 250 2720 Vide
263 2671 341 2720 Nott.
350 2671 428 2746 Jt'arr.
441 2677 467 2718 et
478 2671 616 2719 Schwarzii
629 2670 708 2744 Qbss.
721 2669 751 2718 iis
764 2670 904 2731 subjectas.
938 2669 1044 2729 Statim,
1056 2670 1116 2718 Vnt.
1129 2675 1153 2745 ¹:
1162 2673 1225 2748 pund
1235 2671 1288 2746 prr}

183 2733 1290 2862 itiittttttatiti·ittttttttittttintinnistintinna

184 2863 358 2913 Schwerzien.
376 2864 437 2912 niiril
455 2862 557 2924 replebis
573 2863 664 2912 labitn.
699 2863 783 2911 Panlo
795 2869 863 2924 post,
875 2862 975 2925 Gryplr.
992 2873 1019 2911 et
1037 2862 1152 2914 sichard.
1165 2866 1290 2927 cedrinam

184 2926 243 2979 ioco.
271 2929 386 2977 Verbum
399 2933 486 2977 sutem
498 2942 608 2992 sequena
621 2927 690 2976 varie
708 2925 803 2978 flexum
815 2927 983 2979 observetnrr
1000 2929 1096 2977 Venet.
1116 2928 1290 2978 Schwarsisn.

185 2992 283 3106 ffide
296 2991 411 3104 Sichprd.
439 2990 1149 3106 ⁸⁴¹⁸¹⁴{“⁰1⁸'i”i³,p⁸¹⁸⁷,‘.p¹¹f1⁰⁰¹',¹⁴2⁶i·i,'⁹”fii‘·¹⁴⁹1⁸,²
1164 2993 1288 3107 Bergald.

186 3064 354 3177 parisinis.
367 3071 713 3170 0t⁰tttttt;tirttttit’¹
732 3072 806 3169 tiis
827 3071 976 3169 tratti
987 3070 1226 3178 tiill'ltaliiin
1237 3065 1290 3168 tit

185 3199 219 3234 ex
231 3187 384 3249 conjecture
394 3187 420 3232 in
430 3185 545 3248 margine
557 3193 693 3234 notaverat
706 3183 790 3234 Lirin.
802 3135 870 3234 idern
883 3183 1038 3247 approbarit
1050 3183 1207 3233 Ritterslrnr.
1219 3192 1246 3234 et
1262 3184 1290 3232 in

187 3256 340 3299 contextum
361 3263 485 3312 recepere
501 3249 615 3312 Lipsius,
632 3249 793 3310 Bernegger·
808 3249 888 3303 Cera,
903 3255 931 3296 et
947 3247 1090 3296 Gesneres.
1123 3247 1172 3310 Ar,
1183 3249 1233 3298 sliu
1244 3263 1291 3296 no·

187 3316 257 3362 mine
269 3315 362 3373 ascito,
374 3313 497 3362 Beroald.
508 3311 569 3362 Ald.
581 3321 609 3361 et
620 3313 636 3364 J
640 3320 701 3362 unta
711 3313 828 3373 edidere,
839 3313 917 3361 Deum
928 3311 1014 3374 ipsum,
1029 3317 1122 3375 petrem
1133 3318 1198 3362 tauns
1205 3330 1215 3372 ,·
1227 3313 1291 3370 satis

188 3380 266 3442 bene,
286 3380 307 3428 ei
327 3378 389 3428 satis
407 3385 480 3427 certo
493 3385 609 3426 veterum
627 3375 749 3426 librorum
768 3380 924 3427 auctoritate
937 3377 987 3426 nisi
999 3377 1157 3426 viderentur.
1190 3379 1291 3428 Contra

188 3453 252 3493 vero
263 3457 352 3495 ornnes
363 3443 439 3492 codd.
457 3449 483 3491 et
497 3451 593 3504 preter
603 3443 758 3502 nominatos,
773 3456 862 3491 omnes
879 3440 937 3490 libii
956 3443 1086 3504 impressi,
1098 3443 1196 3492 habent
1215 3444 1291 3492 Deum

187 3510 266 3571 ipsum
276 3514 351 3557 teum.
386 3509 451 3558 axe.
462 3508 537 3557 Voss.
550 3508 630 3557 Deum
640 3512 716 3556 tuam.
749 3506 756 3534 ‘
768 3507 794 3558 J.
807 3505 840 3557 A.
861 3507 964 3556 Ernesti
982 3511 1049 3555 tuum
1067 3522 1082 3555 e
1100 3507 1207 3557 {sisinnii
1220 3508 1292 3570 conj.

189 3575 216 3622 in
228 3577 284 3621 tenc
299 3573 395 3622 mutari
407 3574 471 3631 volt,
489 3573 549 3636 quis
561 3575 649 3630 Nerua
661 3587 713 3620 non
725 3570 792 3620 bene
803 3571 910 3634 Trajeni
924 3574 995 3621 Deus
1006 3571 1119 3622 dicetur.
1153 3572 1188 3622 At
1202 3579 1290 3634 potest

188 3638 297 3701 Jupiter
318 3638 482 3702 Capitolinus
504 3637 624 3702 intelligi,
643 3644 671 3688 et
688 3643 743 3687 trees
762 3642 802 3686 est
823 3637 871 3686 rint
894 3637 1011 3700 apprime
1033 3635 1142 3686 serena’
1161 3638 1290 3698 θῆτές.-

689 3749 795 3800 NOTAE

223 3829 359 3894 ¹Lictores]
377 3833 492 3882 Numero
504 3835 543 3881 12.
556 3838 616 3881 ante
628 3847 718 3881 consu·
792 3835 809 3862 ¹¹³
823 3828 978 3892 Capitolium]
998 3829 1083 3893 Supra
1094 3845 1117 3879 c.
1128 3843 1186 3880 xvi.
1197 3836 1251 3880 not.
1264 3839 1291 3882 ω.

188 3909 241 3956 lem
255 3909 384 3972 virgarum
396 3909 533 3958 fasciculos
548 3923 606 3957 cnm
624 3909 720 3957 securi·
793 3913 804 3939 ἢ
822 3905 963 3967 Adoptionr's
974 3905 1034 3968 tnoe]
1051 3907 1087 3955 Ut
1099 3907 1231 3970 ingeniose
1241 3908 1291 3960 lmc

191 3985 241 4034 bus
261 3999 337 4033 manu
357 3985 550 4048 praeferebantr
568 3985 645 4050 idque
668 3993 720 4035 tum
760 3987 817 4034 loro
830 3985 1134 4046 adoptionismemorianr
1146 3987 1265 4036 revocat!

192 4061 225 4110 ad
239 4075 367 4124 pompam,
388 4072 440 4110 tum
454 4064 532 4112 etiam
545 4067 573 4110 trt
586 4062 628 4125 qui
642 4077 656 4110 a
669 4076 721 4109 nra·
793 4067 805 4092 ⁰
817 4057 894 4109 Deam
904 4060 980 4122 ipram
990 4058 1067 4124 tuum]
1083 4063 1175 4112 Jorem
1186 4063 1292 4125 Capito·

191 4139 302 4200 gistratu
314 4137 506 4198 damnarentur,
517 4149 560 4186 eos
571 4137 720 4200 ligatos‚urr·
762 4124 851 4197 iiimm,
860 4137 933 4200 cujus
944 4153 1009 4200 opus
1021 4148 1060 4188 est
1070 4139 1176 4202 adoptio
1188 4139 1292 4190 illatus.

193 4211 227 4261 de
238 4213 341 4262 lictores
351 4213 424 4274 dicti,
432 4213 658 4276 raederentvirgis,
669 4219 722 4262 tum
763 4213 794 4262 ln
808 4215 864 4263 aliis
875 4228 921 4279 pro
932 4221 998 4264 tuam
1010 4223 1049 4266 est
1057 4221 1120 4265 tnnc.

193 4291 279 4338 securi
291 4288 408 4338 ferirent.

262 4369 385 4432 Delpluet
401 4370 458 4420 Var.
473 4372 537 4420 cias.
668 4370 762 4433 Paneg.
778 4371 830 4421 Vet.
1201 4373 1227 4422 N
