3112 4852
910 201 914 228 l

558 361 838 410 ranoornrcus.
883 361 909 407 r.
930 345 985 410 82.
1252 347 1317 414 etr

220 516 257 576 ut
277 513 409 588 tempus
431 512 464 571 et
485 491 669 570 necessitas
691 508 858 588 posceret,
880 505 1083 582 transferret,
1098 506 1318 591 referretque;

221 609 281 694 qui
296 609 469 672 direnrtam
484 609 566 670 mari
587 612 745 686 gentem,⁶
760 611 799 668 at
814 615 942 689 partem
958 605 1103 687 aliquam
1120 609 1234 690 populi
1249 611 1319 692 ple-

221 711 340 793 bisque
356 707 537 783 Romanar,
553 707 658 772 aleret
678 725 720 770 ao
748 708 908 773 tueretur!
952 707 985 770 2.
1011 707 1053 770 Et
1070 708 1157 772 coelo
1182 710 1318 790 quidem

220 830 389 892 nunquam
406 807 593 889 benignitas
610 811 715 885 tanta,
729 813 766 870 ut
780 826 892 872 omnes
908 807 1008 872 simul
1023 816 1127 872 terrae
1143 808 1286 891 abertet,¹
1296 820 1317 860 ‘t

220 913 408 992 foveatque.
453 909 523 974 Hic
546 907 704 975 ,omnibus
728 908 866 990 pariter,
893 910 923 972 si
950 928 1017 972 non
1041 910 1264 989 sterilitatem,
1281 921 1318 977 at

222 1013 311 1079 mala
335 1011 522 1076 sterilitatis
546 1010 713 1074 exturbat.
759 1009 840 1086 Hic,
864 1010 894 1072 ei
918 1030 982 1074 noo
1006 1010 1267 1088 ioeounditatem,
1283 1023 1319 1078 at

221 1115 312 1178 bona
336 1112 567 1179 soecunditatis
588 1111 760 1192 importat.
819 1111 889 1177 Hic
918 1115 1051 1177 aeternis
1075 1113 1318 1180 commeatibus

221 1216 379 1280 orientem
406 1215 708 1296 occidentemque¹'
738 1214 917 1290 connectit,
941 1222 988 1290 ut,
1022 1234 1099 1296 quae
1123 1217 1246 1299 ubique
1271 1217 1315 1281 ie·

220 1328 342 1393 rantur,
360 1322 503 1399 qumque
517 1323 730 1399 expetuntur,
746 1335 861 1381 omnes
875 1320 991 1398 gentes
1006 1315 1148 1380 invicem
1164 1318 1316 1401 capiant3

252 1499 264 1524 ⁶
281 1491 425 1554 &paratam
439 1493 469 1542 ab
479 1493 553 1542 Italia
564 1493 625 1542 muri
636 1451 811 1544 Mediterranea
819 1493 959 1556 AEgyptura.

252 1553 263 1586 ⁶
281 1557 317 1604 Ut
327 1571 406 1605 omrer
416 1559 495 1606 eodem
505 1571 567 1606 anuo
577 1557 686 1616 regiones
691 1556 821 1616 fecundet.

679 1702 824 1726 venenu
827 1703 839 1720 Ι
843 1703 857 1720 0

220 1814 375 1864 auctoritate
393 1814 592 1877 comprobatur!
608 1814 729 1864 Schwarz.
763 1813 849 1864 Parit.
866 1815 928 1862 Vnt.
944 1819 969 1864 4.
986 1815 1082 1864 Venet'.
1099 1815 1270 1865 Scbtranian.
1288 1825 1316 1866 et

219 1879 314 1927 Pater.
325 1880 367 1942 qui
377 1880 502 1944 direptam.
521 1880 603 1929 Paulo
614 1887 684 1942 port,
696 1879 755 1926 dure
765 1892 852 1937 vocer,
861 1893 889 1925 ce
900 1883 1014 1939 tereretur,
1020 1879 1114 1928 absunt
1127 1895 1142 1928 a
1153 1881 1211 1929 cod.
1225 1883 1316 1930 Patav.

217 1947 267 1992 —2
287 1945 374 1996 Eeoeto
385 1943 497 2007 Gnelpb·
529 1945 604 2006 Mox,
616 1943 696 1994 aberet
705 1942 780 1992 codd.
792 1943 884 1990 Pater.
895 1943 956 1993 Vnt.
970 1947 993 1991 l.
1003 1943 1173 1994 Schwarrian.
1182 1944 1277 1994 Venet.
1289 1955 1317 1996 et
1337 1981 1340 1986 -

219 2021 306 2058 omnes
319 2005 375 2056 fere
392 2007 452 2056 edd.
478 2007 571 2060 abertrt
589 2007 662 2062 Vatt.
674 2009 698 2054 2.
709 2011 732 2056 3.
743 2010 768 2055 t.
785 2005 897 2068 Gnelpb.
909 2005 978 2058 oua.
995 2017 1022 2056 et
1041 2007 1121 2057 Geso.
1154 2009 1221 2058 Vide
1241 2011 1317 2060 Noti·

219 2071 292 2120 Varr.
322 2073 449 2135 ‘Lipsiae
469 2086 515 2134 pro
535 2071 641 2133 eterrir,
661 2071 734 2120 malit
749 2071 856 2120 alterata
891 2071 926 2120 Et
937 2079 1010 2122 certe
1031 2072 1097 2122 hanc
1116 2075 1317 2129 rooemalterrrir

218 2135 1315 2253 {tttramittittittilttttttdt’rdtt‘ttbmtttttnittttlt

218 2265 359 2328 ruit,l1nnc
378 2265 461 2316 locum
481 2265 637 2315 illustratum
654 2279 711 2314 esse
729 2277 753 2316 a,
763 2261 821 2314 Jac.
834 2263 941 2326 Haemo,
952 2265 977 2313 io
988 2265 1160 2328 dirpntatioae
1176 2266 1225 2317 'am
1237 2281 1316 2329 snpra

218 2338 418 2380 commemorata
439 2329 472 2378 de
493 2329 601 2378 naribus
614 2327 795 2380 Alexandrinis
806 2327 960 2391 Apostolum
973 2331 998 2378 in
1010 2330 1112 2379 Italiam
1130 2281 1318 2392 deferentibus,
1359 2377 1363 2385 .

217 2397 249 2442 tt.
261 2399 284 2442 ⁵.
302 2409 378 2456 quem
391 2409 452 2441 uero
469 2392 671 2457 disputationem
684 2392 772 2442 ridere
790 2392 865 2441 nobis
884 2393 996 2444 nondum
1013 2395 1131 2456 contigit.
1163 2394 1200 2444 At
1219 2396 1317 2451 nereio,

218 2471 269 2519 quo
280 2467 407 2506 concentu
420 2457 522 2506 codices
534 2459 596 2507 bles.
604 2472 695 2518 nempe
706 2455 1098 2520 parisiensis,Gudiauas‚Elsb.
1108 2459 1177 2522 apud
1186 2459 1317 2518 Vossium,

217 2519 331 2585 itemque
343 2531 443 2582 noster,
453 2522 510 2570 baec
528 2522 608 2570 verba
622 2529 746 2582 corrupta
761 2519 914 2581 proferant:
930 2529 966 2582 at,
976 2523 1128 2584 quaferrat,
1138 2538 1235 2585 queque
1246 2539 1316 2585 expe·

218 2589 271 2633 tant
283 2601 337 2648 oper
346 2591 438 2646 genter,
450 2587 544 2635 ducant
554 2586 654 2634 invicem
664 2587 759 2648 capient
773 2589 869 2646 quanto.
894 2584 981 2648 Atque
993 2588 1059 2636 trano
1071 2588 1224 2648 scriptor-am
1238 2587 1315 2638 etiam

217 2649 362 2698 Beroaldus
376 2651 401 2700 in
414 2650 456 2699 ed.
475 2664 517 2698 aa.
530 2654 602 2698 15⁰1.
619 2648 754 2708 exhibuit,
772 2663 801 2695 ac
813 2648 956 2709 Gryphium,
966 2649 1123 2712 Stephanus,
1134 2659 1162 2702 et
1173 2649 1317 2710 Livineiut,

217 2713 242 2762 in
256 2713 370 2776 margine
386 2721 552 2768 annotarunt·
585 2714 671 2762 Nemo
693 2726 742 2764 non
760 2711 895 2774 intelligit,
916 2727 965 2762 non
984 2727 1047 2776 oper,
1065 2714 1110 2762 red
1130 2728 1218 2776 omres,
1236 2715 1316 2766 scribi

217 2779 328 2844 debere5
346 2780 394 2828 nisi
406 2777 475 2830 forte
487 2782 513 2828 ia
525 2777 741 2827 antecedentibus
754 2790 874 2838 reponas,
890 2791 948 2838 qaae
964 2781 1055 2832 ramat,
1072 2792 1175 2840 querque
1191 2783 1316 2840 expetunt·

217 2842 267 2890 Sed
287 2850 313 2892 et
333 2842 358 2890 id
376 2840 454 2895 facile
467 2841 558 2906 liquet,
575 2850 762 2904 postremorum
777 2840 911 2893 verborum
923 2841 1038 2890 ordinem
1058 2857 1113 2891 erse
1125 2843 1316 2905 perturbatum.

217 2907 344 2969 Equidem
357 2915 489 2956 construet
502 2909 592 2970 ntique
604 2907 733 2955 sententia
745 2906 783 2952 hir
795 2905 890 2962 verbis,
901 2906 921 2953 si
935 2907 972 2954 ita
983 2905 1140 2962 scribantur,
1156 2916 1233 2971 atque
1246 2906 1314 2956 ordi·

217 2978 329 3020 nentur:
353 2976 389 3026 at,
410 2987 461 3032 que
478 2977 570 3028 rerunt,
590 2985 687 3032 qroeqae
710 2974 834 3032 expetant,
852 2984 929 3018 maner
946 2975 1039 3032 genter,
1056 2971 1157 3019 ireicem
1170 2973 1275 3034 capiant,
1291 2977 1316 3020 et

216 3033 318 3087 Mmaat,
338 3040 434 3098 quanto,
450 3037 490 3095 tre.
507 3048 595 3082 rernm
617 3037 733 3082 notumne
751 3034 833 3082 adbuc
851 3034 974 3082 deserere
996 3035 1134 3083 lectionem
1153 3036 1177 3082 in
1196 3035 1313 3084 omnibus

217 3100 313 3147 ceteris
324 3099 394 3147 libris
405 3100 547 3160 uolgatam.
591 3096 656 3152 Imo,
668 3111 716 3145 nec
726 3111 773 3160 pro
786 3097 863 3144 verbo
869 3096 986 3156 seruatur
997 3099 1178 3160 amplectimur
1189 3105 1314 3147 rerartar:

216 3164 333 3226 quamvis
344 3164 393 3212 troc
406 3164 534 3226 placuerit
545 3160 644 3222 Lipsim
656 3171 681 3210 et
696 3176 728 3212 er
742 3161 816 3222 hujus
832 3160 1043 3223 conjecturajam
1060 3161 1085 3209 io
1097 3170 1246 3210 contextum
1258 3177 1313 3211 ora·

217 3229 294 3276 tionis
314 3224 465 3276 admiserim
486 3227 648 3280 Borbornius
668 3233 696 3272 et
718 3224 862 3274 cellarius?
881 3223 1001 3274 Sederat-z.
1034 3223 1122 3273 ‘Illud
1141 3226 1236 3276 aterrir
1252 3227 1277 3278 b.
1294 3228 1312 3278 i.

216 3299 361 3354 agnoscunt
373 3305 460 3340 omues
469 3291 532 3341 Mae.
545 3303 634 3340 omnes
647 3289 724 3338 etiarn
736 3287 797 3337 edd.
813 3297 910 3351 prater
922 3287 1121 3343 Gesnerianam.
1132 3305 1188 3353 qure
1201 3290 1286 3349 babet,
1297 3302 1312 3338 e

216 3355 370 3418 conjectura
383 3357 472 3422 Lipsii,
482 3355 591 3414 alterata,
604 3354 620 3404 i.
632 3369 656 3402 e.
668 3355 779 3404 mutuis:
799 3368 848 3402 noo
861 3354 936 3401 niele.
970 3352 1080 3403 Pretnli
1093 3360 1178 3404 temen
1193 3355 1313 3414 alterum,

216 3433 266 3466 non
285 3420 366 3468 solum
385 3421 449 3468 Mes.
462 3432 587 3468 consensu
600 3423 754 3477 commotus,
774 3432 861 3466 rerum
880 3418 958 3466 etiam
970 3425 1118 3482 propterea,
1134 3421 1193 3482 qnia
1204 3421 1229 3474 b,
1239 3434 1264 3468 v.
1275 3421 1314 3481 τῳ*

214 3499 343 3548 uunquam,
355 3484 423 3547 qood
437 3486 514 3548 paulo
530 3491 591 3532 ante
608 3483 742 3546 precedit,
755 3483 901 3547 oppositum
912 3492 969 3530 esse
982 3483 1101 3532 ridetur!
1118 3483 1214 3546 Gierig.
1250 3482 1311 3534 Mox

215 3549 273 3598 eod.
286 3549 378 3598 Pater.
390 3563 442 3611 que
448 3548 544 3609 serari,
555 3563 652 3611 queque
662 3552 792 3610 expetantr
807 3562 861 3610 oper
870 3552 954 3609 genter
963 3548 1072 3607 discant;
1088 3549 1188 3598 invicem
1199 3551 1295 3614 eupiunt
1304 3564 1313 3606 ,·

709 3715 815 3766 NOTAE

215 3831 302 3878 vincio
320 3831 397 3894 juxta
424 3830 563 3884 editionem
588 3827 741 3891 Lugdunen·
783 3825 975 3879 uberabantnm
1004 3816 1176 3880 terreorum.
1188 3831 1204 3884 Ι.
1215 3845 1240 3880 v.
1252 3838 1309 3888 ao.

215 3920 284 3966 sem3
297 3906 322 3954 in
335 3906 391 3954 aliis
405 3905 472 3956 eninr
483 3909 532 3968 ert,
546 3902 656 3968 princepe
667 3907 741 3952 terra·
781 3905 788 3932 ⁸
802 3904 894 3967 Neque
911 3905 979 3952 eninr
997 3905 1054 3952 olea
1071 3905 1193 3956 continuo
1207 3907 1311 3961 biennio

214 3997 267 4032 mur
277 3983 324 4044 qai.
782 3976 892 4040 uberat,’
913 3978 940 4028 id
957 3987 1005 4040 ert,
1021 3977 1140 4030 ioecauda
1155 3989 1196 4032 eet
1214 3990 1240 4033 et
1259 3985 1310 4036 fer-

246 4066 264 4090 m
284 4057 383 4108 Uiertet
404 4056 507 4122 [uberet]
529 4056 589 4106 Vox
608 4069 666 4106 rara
687 4055 742 4118 qui·
783 4055 844 4105 tilia.
1313 4083 1314 4086 =

214 4135 283 4198 dem,
293 4133 489 4184 eedePailadio
501 4133 591 4182 lib.1r.
603 4129 740 4193 usurpata:
813 4137 826 4162 ¹¹
845 4129 967 4180 Orientem
986 4130 1182 4196 occidentemque]
1210 4133 1242 4187 ld
1261 4142 1312 4199 ert,

214 4211 308 4276 ‘Hoc,²
318 4210 510 4276 inquit‚‘eoita
522 4209 623 4261 steriles
636 4209 741 4259 arbores
782 4215 864 4258 terrae
886 4205 1111 4270 dirjunctiesimas,
1134 4223 1217 4275 aeque
1241 4214 1309 4264 enim
