3022 4852
211 345 256 408 64
485 360 518 405 o.
543 358 665 406 ιιιιιιι
691 357 840 406 οιιιιιιιι
864 358 1028 407 suonam

213 497 444 579 suspicionum
464 499 777 581 conjecturarumve
800 501 973 582 caliginem
994 501 1146 584 dispellit
1162 501 1309 566 lucidum

214 599 332 662 Nostri
362 599 586 664 testimoninm
616 601 682 683 Ep.
707 617 789 662 νιιι.
812 601 866 664 23.
894 601 952 664 ubi
981 601 1024 666 de
1052 595 1157 666 sunio
1182 601 1310 667 Avito:

213 707 223 734 ⁴
239 700 317 778 Qua
332 698 518 779 industria,’
531 701 651 782 iuquit,
666 704 756 782 ‘qua
770 701 934 764 modestia
949 709 1096 784 quaestor
1110 703 1310 766 consulibus

213 801 293 876 suis,
304 800 355 884 (et
367 801 480 883 plures
490 799 636 880 babuit)
646 820 713 864 non
729 803 838 866 minos
847 802 1018 884 jucundus
1029 809 1062 868 et
1072 811 1198 884 gratus,
1210 822 1311 885 quam

213 903 288 964 usui
303 900 386 966 snit!
430 901 552 983 Itaque
567 920 643 964 curu
656 902 778 967 Avitus
793 904 905 986 plures
918 905 953 968 in
969 912 1140 986 quaestnra
1155 904 1310 968 consules

212 1001 374 1077 babuerit,
388 1003 445 1083 qui
467 1001 545 1064 istis
567 1003 773 1084 temporibus
786 1003 965 1068 bimestres
982 1024 1059 1068 esse
1074 1005 1239 1079 solebant,
1255 1021 1309 1066 ue·

213 1123 311 1167 cesse
330 1114 395 1178 est,
410 1108 448 1165 ut
470 1103 544 1184 ejus
560 1122 678 1166 munus
694 1104 889 1187 plusquam
909 1105 1067 1170 bimestre
1085 1104 1192 1167 fuerit.
1238 1101 1311 1168 Nec

212 1205 280 1268 ulla
294 1209 349 1266 est
363 1203 448 1266 ratio
460 1202 643 1280 dubitandi,
655 1204 734 1285 quin
747 1223 889 1271 annnam
901 1205 975 1286 ipse
989 1204 1096 1270 etalii
1107 1212 1311 1289 quaesturam

214 1304 390 1385 gesserint.

513 1470 579 1534 An.
595 1470 673 1534 Chr.
692 1488 754 1534 xc.
799 1469 865 1535 An.
879 1471 950 1534 AEt.
965 1476 1021 1554 ἐξ.

256 1621 400 1704 Tyronis
415 1620 619 1683 tribunatum
632 1620 753 1701 plebis,
765 1621 800 1682 in
813 1640 881 1702 quo
892 1621 1069 1683 liberorum
1080 1620 1155 1702 jure
1168 1620 1312 1684 Plinium

215 1722 405 1803 praecessit,
429 1720 580 1802 upra.
598 1721 649 1784 16.
665 1721 708 1785 ad
732 1721 822 1785 huuc
846 1741 968 1785 annum
990 1722 1180 1799 referimus3
1205 1722 1254 1784 ita
1278 1725 1314 1783 ut

215 1822 355 1885 eundern
370 1839 422 1886 ιν.
445 1821 497 1886 Id.
514 1822 676 1886 Decemb.
693 1824 875 1906 superioris
891 1824 979 1898 anni,
995 1842 1056 1904 pro
1071 1841 1176 1898 more,
1192 1821 1312 1898 inierit,

215 1943 256 1986 ac
278 1924 321 1988 ad
338 1942 453 2006 parem
467 1923 567 2005 hujus
581 1924 658 1987 anni
673 1923 761 1988 diem
777 1924 970 1987 obtinuerit.
1014 1923 1138 1987 Doctis
1155 1922 1244 1985 enim
1259 1941 1314 1984 as·

215 2026 375 2088 sentimur
396 2025 488 2101 viris,
511 2025 571 2106 qui
595 2041 743 2087 xxvru.
764 2025 874 2088 aetatis
906 2042 1028 2087 annom
1055 2023 1237 2087 tribunatni
1259 2041 1313 2103 ge·

214 2124 317 2188 rendo
343 2125 531 2206 legitimum
561 2127 749 2208 assignant3
783 2136 884 2207 atquc
914 2126 1081 2188 biennium
1112 2145 1155 2187 ex
1186 2124 1314 2205 legibus

100 2283 102 2286 ,
215 2227 300 2289 inter
324 2232 526 2307 quaesturam
549 2233 582 2289 et
604 2227 820 2302 tribunatum,
845 2244 911 2288 uon
935 2243 1032 2289 secus
1055 2244 1097 2288 ac
1117 2225 1202 2288 iuter
1225 2225 1313 2286 buno

216 2332 248 2390 et
262 2334 440 2409 praeturam
456 2327 600 2390 medinm
615 2328 823 2390 existimant.
868 2326 983 2407 Negat
995 2327 1127 2410 quidem
1140 2327 1182 2390 ol·
1197 2325 1244 2391 H.
1255 2327 1315 2388 D.¹

139 2419 143 2426 ’
217 2427 318 2490 ullam
337 2427 521 2492 tribunatui
543 2433 678 2492 aetatem
701 2448 720 2491 a
741 2429 871 2508 legibus
886 2427 1113 2510 designatam
1135 2425 1315 2490 licetsate·
1432 2447 1434 2450 ·

217 2536 302 2605 atur,
329 2547 373 2592 ex
403 2529 480 2592 aliis
506 2534 615 2593 tamen
641 2529 838 2605 bonoribus,
861 2548 920 2592 sen
941 2528 1233 2603 antecedentibus,
1255 2545 1316 2590 een

217 2631 508 2713 consequentibns
534 2635 668 2696 aetatem
694 2628 801 2693 fnisse
827 2636 950 2693 certam
977 2629 1019 2692 ad
1047 2629 1139 2692 illum
1165 2646 1316 2692 necessa-

215 2731 309 2794 riam.
356 2730 484 2794 Verum
505 2731 633 2794 Noster
652 2750 767 2794 rursus
790 2730 877 2794 haud
902 2731 1043 2794 obscure
1063 2728 1188 2793 iudicat
1210 2729 1315 2810 legem

216 2830 259 2894 de
278 2831 343 2893 boc
364 2850 502 2913 qnoque
522 2832 718 2910 magistratu
746 2832 852 2895 fuisse
876 2833 1040 2894 annalem.
1094 2829 1227 2894 Etenim
1251 2829 1316 2910 Ep.

219 2946 274 2990 ιιι.
299 2931 352 2991 20.
381 2928 530 2991 ordinem
557 2930 778 3007 comitiorum,
807 2938 905 3012 prout
933 2950 996 2993 sua
1022 2936 1121 2994 aetate
1147 2949 1188 2992 ac
1214 2930 1315 3012 panlo

217 3037 294 3094 ante
309 3031 493 3105 obtinebat,
509 3049 700 3111 exponens:
717 3028 867 3108 ‘citato,’
887 3031 946 3108 ait,
962 3035 972 3064 ‘
985 3032 1120 3094 nomine
1135 3029 1316 3105 candidati,

217 3131 381 3195 silentium
398 3150 574 3195 summum.
620 3132 768 3196 Dicebat
782 3134 858 3214 ipse
875 3153 934 3214 pro
951 3152 999 3208 se,
1015 3133 1117 3195 vitam
1138 3150 1239 3193 suam·
1255 3148 1317 3193 ex·

218 3231 376 3313 plicabat,
390 3241 493 3296 testes
515 3241 549 3296 et
571 3233 763 3296 laudatores
780 3232 894 3310 dabat,
909 3235 961 3296 vel
977 3253 1053 3298 enm
1070 3233 1132 3295 snb
1148 3251 1216 3314 quo
1231 3231 1318 3294 mili·

218 3339 316 3406 taret,
330 3333 385 3394 vel
408 3352 481 3396 eum
504 3335 560 3396 cui
582 3339 729 3414 quaestor
743 3334 807 3414 (N.
821 3331 880 3414 B.)
893 3332 1012 3407 fuerat,
1029 3334 1082 3396 vel
1100 3339 1273 3414 utrumqne
1287 3334 1318 3395 si

217 3437 379 3513 poterat..
393 3431 682 3511 ..Nonnunquam
697 3430 896 3495 candidatus
917 3440 976 3494 aut
998 3433 1127 3495 natales
1151 3433 1316 3514 competi-

219 3532 312 3606 toris,
325 3537 382 3594 aut
397 3550 515 3606 annos,
525 3529 576 3614 (N
580 3574 588 3591 .
600 3527 661 3613 B.)
673 3538 732 3594 ant
744 3530 845 3596 etiam
860 3551 970 3595 mores
981 3530 1158 3613 arguebat-³
1196 3531 1315 3612 Igitur,

220 3634 249 3697 si
274 3631 505 3714 competitoris
528 3632 607 3694 anni
628 3637 782 3713 poterant
804 3631 909 3712 argui,
922 3631 976 3694 lex
1000 3631 1133 3695 omuino
1152 3640 1223 3695 erat
1240 3651 1317 3713 quae

220 3733 356 3797 eosdem
380 3732 541 3796 deliniret.
584 3731 655 3795 Hic
681 3751 761 3795 vero
784 3732 826 3796 de
850 3732 1018 3795 tribunatu
1041 3730 1150 3813 plebis
1172 3730 1318 3795 Plinium

219 3835 400 3916 praesertim
423 3852 530 3916 agere,
545 3852 590 3897 ex
612 3853 654 3896 eo
674 3839 778 3916 patet,
796 3832 888 3915 qnod
905 3832 1143 3897 decandidato
1160 3832 1318 3914 loquitur,

220 3937 278 4021 qni
302 3937 410 4001 solum
430 3940 579 4018 quaestor
598 3935 754 4016 proxime
769 3935 892 3998 suerat.
937 3933 1056 4016 Neque
1072 3933 1159 3998 adeo
1175 3934 1216 3998 dc
1232 3952 1318 4014 pree-

581 4139 594 4166 ⁸
611 4131 734 4183 Praelect.
743 4147 796 4184 ιιι.
806 4147 832 4198 p.
844 4137 901 4183 419.
911 4147 965 4198 req.
