3112 4852
249 393 316 458 atu
615 406 647 450 c.
672 403 792 450 rnrurr
821 401 987 453 secuunr

245 545 470 614 conferendus.
514 548 546 610 3.
570 537 659 610 Hinc
674 565 751 627 pars
777 563 897 625 magna
916 551 1075 608 terrarum
1092 543 1195 624 mergi
1212 561 1346 624 repara·

245 652 339 732 rique
354 648 479 730 palanti
490 665 586 712 amno
596 655 784 722 consueta,¹
799 647 867 710 aito
881 646 1019 728 pulvere
1035 643 1217 707 incanduit.
1244 644 1347 706 Frus-

244 760 297 814 tra
322 757 401 814 tuno
425 749 594 830 AEgyptus
619 748 733 811 nubila
761 748 903 828 optavit,
928 745 1121 827 coelumque
1147 746 1345 826 respuitur

244 867 319 914 oum
334 849 407 931 ipsc
421 848 649 914 foecunditatis
675 866 794 930 pareus
817 849 1024 912 contractior
1039 853 1074 908 et
1089 845 1211 910 exilior
1226 845 1345 910 iisdem

244 950 429 1012 ubertatem
444 949 517 1030 ejus
533 950 608 1011 anni
633 951 810 1028 angustiis,
833 949 955 1030 quibus
978 946 1215 1010 abundantiam
1238 964 1346 1023 suam,

274 1119 288 1152 ¹
302 1111 362 1170 Tagi
371 1114 466 1158 aarum
473 1109 551 1173 fluuio
562 1107 741 1168 circumquaque
752 1106 894 1154 exundante.

243 1349 459 1414 prinejiuariaiiru
469 1350 603 1398 omittant.
636 1347 725 1411 Atque
737 1349 774 1396 ite
788 1346 926 1395 ediderunt
941 1346 1055 1396 Paterni.
1073 1353 1100 1392 er
1118 1345 1259 1394 Geenerur.
1291 1344 1345 1404 sed

242 1415 345 1464 Vatiae.
356 1415 449 1464 Vener.
463 1415 545 1462 Perie.
555 1423 582 1463 et
594 1413 647 1461 duo
659 1413 768 1461 Lirineii
780 1412 843 1460 iiiud
854 1425 909 1460 roc.
924 1410 962 1459 bie
975 1417 1084 1473 ponant.
1121 1408 1220 1458 Horum
1234 1410 1345 1458 arroteri-

242 1487 324 1528 tntern
346 1480 429 1528 cecati
451 1487 512 1526 errnt
537 1485 589 1526 tam
614 1479 701 1538 piaret
723 1476 836 1525 editorer
857 1483 967 1531 veteres,
988 1489 1064 1538 quarn
1079 1487 1163 1536 nuper
1181 1472 1345 1524 Arutzen.er

240 1544 370 1592 Schwara.
407 1543 481 1592 Nihii
493 1540 585 1596 refert.
597 1550 678 1589 atram
695 1543 832 1590 lectionem
846 1539 984 1602 praeferam
1005 1539 1104 1586 Plinirre
1120 1538 1199 1592 enirn,
1218 1539 1261 1600 qui
1279 1539 1345 1586 trane

241 1607 363 1672 loquendi
383 1605 493 1656 forrnrrrn
511 1607 587 1654 vetde
606 1612 686 1664 amet,
701 1619 769 1653 nunc
788 1619 844 1653 rue.
863 1603 1010 1665 primarium
1029 1603 1066 1652 bie
1086 1604 1168 1664 pauit,
1181 1616 1248 1649 urruc
1265 1603 1345 1652 cernei

242 1673 346 1726 reticet,
358 1679 437 1734 etque
448 1671 539 1719 lectori
551 1669 795 1730 srrbrutettigeudm
813 1666 955 1731 reiiuqrrit.'
972 1667 1069 1727 Gieriq.
1102 1666 1169 1714 Vide
1182 1665 1256 1714 Nott.
1267 1667 1344 1714 Varr.

241 1740 289 1783 „a
303 1735 368 1782 Hinc
378 1749 463 1796 parrer
471 1748 556 1794 rrcqea
568 1733 701 1796 titaneaque
710 1735 808 1795 parique
818 1747 886 1780 areae
896 1732 955 1781 cod.
968 1731 1054 1780 Putat.
1077 1729 1179 1790 ‘Mergi
1191 1730 1282 1791 putanti
1293 1743 1343 1778 aut·

240 1798 282 1861 ee]
299 1799 392 1847 Adhuc
402 1798 495 1862 ubique
506 1800 563 1846 trec
580 1798 659 1846 lectio
671 1797 793 1858 errrigeta
805 1795 863 1855 fuit,
875 1797 923 1844 aiei
935 1795 1002 1860 qnod
1015 1794 1166 1854 Roroaidaa,
1179 1809 1226 1854 pra
1241 1794 1348 1855 pelenti·

242 1877 332 1925 parurn
351 1864 484 1912 commode
502 1862 620 1911 exhibuit
635 1863 766 1923 spargenti-
798 1861 849 1909 Sed
861 1866 946 1909 tamen
966 1873 1016 1908 non
1040 1858 1200 1920 reticendum
1213 1858 1344 1916 eer,.L'iri·

240 1928 327 1976 neirrrn
340 1927 365 1975 in
378 1935 479 1979 retorto
496 1927 587 1976 codice
601 1927 653 1974 Me.
665 1927 804 1988 reperiere,
823 1939 927 1986 mergere
946 1925 1055 1986 parique,
1065 1923 1189 1984 impedite
1201 1923 1303 1985 qnidam
1315 1930 1344 1971 et

241 1990 341 2040 difficili
358 1991 503 2054 seriptum
515 1991 570 2052 reri,
591 1991 745 2051 compendia
765 1998 881 2038 necatum
900 1990 1045 2050 literarum,
1063 1995 1100 2044 et,
1115 2002 1172 2050 quae
1185 1987 1344 2046 coaluerant,

240 2055 357 2114 divulsit,
368 2057 475 2114 eruiere,
486 2056 574 2116 mergi,
587 2055 747 2116 repararique.
782 2054 817 2102 Et
827 2067 889 2102 eene
901 2053 927 2102 in
937 2060 1028 2101 noetro
1040 2052 1129 2102 codice
1142 2057 1226 2110 extet,
1237 2063 1344 2110 mergere

239 2121 374 2182 pararique.
408 2120 486 2170 Unde
499 2117 576 2167 facile
595 2118 713 2180 colligar,
725 2118 849 2178 eyiiabarn
861 2130 924 2178 rc‚e
941 2117 1020 2165 verbo
1035 2115 1117 2177 parari
1136 2115 1272 2168 diruienrn,
1284 2129 1343 2164 coa·

240 2183 317 2231 iniere
329 2197 388 2231 curn
400 2181 574 2232 antecedente
587 2182 676 2236 verbo,
686 2183 764 2241 mergi
772 2198 781 2238 ,·
798 2197 830 2228 ex
843 2197 895 2246 quo
906 2181 1000 2229 deinde
1013 2179 1111 2228 librarii
1132 2178 1216 2240 inepti
1235 2193 1343 2240 mergere

239 2245 415 2296 efforrrrarunt.
449 2248 534 2298 Quem
555 2247 694 2294 lectionem
715 2247 793 2294 etiarn
815 2247 841 2293 in
864 2246 979 2306 margine
996 2251 1120 2292 notarunt
1140 2243 1178 2292 Gr
1200 2242 1286 2304 pitius,
1305 2243 1341 2292 Η.

239 2311 330 2373 Steph.
342 2310 460 2358 Rieinus.
494 2310 530 2358 At
542 2311 666 2358 veriorem
678 2309 818 2360 lectionem
830 2311 936 2357 omuino
946 2307 1081 2356 confirmet
1094 2309 1162 2355 aiter
1173 2258 1253 2356 dedii
1265 2307 1343 2366 iiber,

239 2375 283 2438 qui
296 2389 328 2423 ex
341 2374 399 2422 cod.
420 2375 471 2423 Me.
489 2373 590 2436 profert
608 2373 686 2434 mergi
703 2374 863 2436 repararique.
895 2374 987 2435 Neque
1008 2372 1143 2420 abacorum
1163 2386 1221 2419 eeee
1245 2379 1343 2432 potest.

240 2438 367 2502 qrronrodo
378 2453 411 2487 ex
421 2438 523 2488 diruite
534 2437 633 2500 puriter
644 2445 672 2486 et
689 2437 873 2498 compendiosa
891 2438 1021 2498 scriptura
1039 2437 1109 2484 verbi
1125 2437 1287 2497 repararique,
1300 2435 1344 2482 aiii

238 2504 323 2552 minue
334 2509 397 2566 apte
415 2503 557 2566 epargerrti,·
576 2503 618 2551 elii
631 2501 705 2564 paulo
716 2503 903 2563 congruentior
914 2515 946 2550 ex
960 2501 1062 2558 iugenio
1074 2497 1222 2548 effinxerint
1239 2501 1343 2559 putanti,

238 2568 367 2630 particuia
379 2569 481 2633 quidem
493 2582 545 2630 que,
555 2568 626 2615 reiut
639 2563 779 2628 saperdae,
789 2575 851 2614 tunc
862 2566 969 2628 rejecta.
993 2565 1111 2626 Repurorr
1123 2572 1209 2610 aurem
1222 2564 1270 2612 troc
1283 2565 1341 2612 ioca

239 2632 308 2684 idern
327 2639 367 2681 ert
386 2646 417 2681 ec
441 2631 524 2694 refici,
542 2630 697 2690 foecunderi,
716 2632 895 2692 pinguescere.
929 2630 1037 2678 Constet
1062 2629 1138 2685 enirn,
1161 2628 1214 2676 Niii
1234 2629 1342 2676 inunda-

238 2698 309 2746 tione
329 2705 410 2746 terrae
423 2695 527 2760 AEgypti
544 2711 597 2744 non
615 2699 717 2745 tanturn
733 2694 823 2757 mergi,
841 2695 888 2743 ced
905 2703 931 2740 et
944 2693 1095 2748 facunderi,
1107 2691 1206 2740 roiere.'
1222 2691 1342 2740 Saiticam.
1426 2705 1428 2710 ’

236 2761 244 2788 ‘
257 2761 324 2809 Duru
336 2760 437 2815 dubito.
449 2761 510 2809 dnm
521 2762 636 2809 caiamne
653 2761 709 2822 ipre
727 2755 796 2808 inter
813 2758 878 2807 duae
891 2758 1014 2806 lectiones
1028 2753 1149 2816 fluctuat,
1160 2757 1342 2818 ponendumne

238 2825 282 2880 rit,
292 2825 368 2886 mergi
384 2826 478 2886 pdaatr'
495 2839 570 2880 amne,
583 2823 650 2887 quod
663 2823 747 2872 adhue
757 2822 882 2881 obtinuit,
894 2837 926 2870 err
939 2822 1001 2872 iliud
1012 2835 1045 2868 ex
1057 2821 1108 2869 Ma.
1127 2822 1204 2880 mergi
1221 2821 1341 2881 reparari·

238 2903 301 2950 quer
316 2898 454 2950 utrumque
466 2888 559 2935 exiieee
572 2886 747 2948 preiierideo,
758 2895 786 2934 et
797 2895 962 2934 neutrumne
974 2899 1042 2934 nunc
1054 2885 1158 2948 quidem
1167 2887 1207 2932 vei
1216 2885 1341 2934 damnare

239 2952 323 3000 eudon
335 2952 377 2999 roi
396 2950 513 3014 probare.
549 2952 627 2998 Certe
641 2951 815 3012 praetenuia
826 2951 885 2998 mitri
899 2950 1009 3012 imagine
1022 2963 1072 2996 non
1085 2949 1212 2997 inamoena
1225 2948 1340 2996 blandie-

239 3015 324 3071 batur,
336 3016 386 3064 hoe
395 3023 436 3064 eet
447 3016 518 3078 ripae
529 3029 598 3075 enee,
608 3021 636 3062 et
648 3013 719 3075 quari
731 3022 817 3062 cartre
828 3015 886 3062 irinc
898 3013 958 3061 inde
970 3027 1096 3074 eguerunt,
1115 3021 1141 3060 et
1152 3022 1227 3075 prout
1236 3011 1288 3060 fare
1299 3015 1340 3062 vei

239 3083 350 3142 impetur
362 3081 430 3136 tulit,
438 3079 480 3128 hic
491 3080 626 3141 iongiueet
638 3078 753 3139 densior,
761 3079 803 3125 irie
816 3079 897 3126 rarior
905 3087 930 3126 et
942 3077 1043 3125 brevius
1053 3084 1235 3126 commoratus.
1251 3077 1340 3126 Quid?

238 3145 260 3194 ei
273 3153 409 3207 atrumque
422 3152 462 3194 eet
474 3158 488 3190 a
501 3143 595 3198 Plinio,
607 3151 635 3191 et
647 3156 720 3190 error
733 3151 821 3190 noster
837 3157 908 3191 auam
923 3141 982 3190 irrric
1001 3142 1058 3189 loro
1078 3139 1181 3200 faciem,
1195 3149 1221 3190 nt
1234 3141 1341 3190 Neuicie

237 3207 311 3257 furor
322 3209 490 3271 deeperetarn
502 3208 527 3256 in
540 3222 606 3271 equo
617 3221 733 3268 spumam
747 3207 877 3256 reddidit!
895 3207 969 3254 Geerr·
988 3207 1092 3254 ‘Minue
1101 3204 1255 3259 verosimile,
1264 3219 1340 3268 quoe·

237 3277 296 3322 rtem
309 3273 426 3322 librarios
437 3272 553 3322 omisisse
567 3271 671 3334 paleati,
688 3277 715 3319 et
736 3272 872 3321 retinnisre
890 3270 1058 3333 reparariqw
1075 3270 1137 3319 aliar
1150 3283 1211 3318 vera
1232 3276 1339 3330 preter-

237 3337 298 3385 iieee
319 3339 477 3400 repararique,
496 3343 523 3384 et
541 3351 657 3384 corruere
678 3337 779 3397 putanti.
812 3337 870 3385 Nec
886 3341 972 3384 tamen
994 3337 1049 3382 irrro
1068 3336 1114 3382 riri
1137 3334 1171 3382 ci.
1188 3333 1341 3396 conjectura

238 3401 360 3449 abhorret
372 3401 405 3450 nb
417 3416 465 3450 neu
478 3401 566 3462 Piinii,
578 3401 622 3464 qui
634 3399 769 3462 podtarrtru
789 3414 859 3448 more
878 3399 1045 3448 rubetantirie
1063 3398 1180 3461 epitheta
1198 3401 1263 3448 rotet
1276 3398 1339 3458 jun·

237 3478 308 3525 gere,
324 3465 392 3527 quod
405 3471 491 3513 tamen
503 3479 554 3512 non
572 3465 637 3513 adeo
649 3471 818 3526 perpetuum,
835 3465 874 3512 uti
889 3464 938 3511 hoo
957 3465 1014 3525 ipre
1030 3477 1089 3525 cap.
1101 3473 1165 3510 eerr.
1179 3466 1204 3511 1,
1215 3462 1337 3518 imbribus,

147 3561 149 3564 -
238 3528 281 3576 ubi
300 3541 351 3574 noa
362 3529 444 3576 minue
456 3527 589 3576 commode
600 3543 688 3576 eornm
704 3527 865 3576 fertilitatem
878 3527 1057 3589 caprensiseet.
1090 3526 1200 3574 interim
1211 3523 1339 3576 ratiafarit

237 3606 270 3640 ex
290 3591 369 3640 dabie
388 3594 518 3655 ecripture
533 3593 609 3652 mergi
627 3593 780 3655 repararique
792 3590 889 3641 facturn
908 3606 963 3638 eree
978 3605 1085 3650 mergere
1093 3590 1196 3652 priuati,
1206 3599 1242 3645 et,
1259 3597 1288 3636 ut
1301 3591 1338 3638 ie-

238 3656 318 3720 teiiigi
333 3664 432 3718 pareat,
452 3657 528 3718 mergi
542 3656 645 3717 potanti,
663 3656 741 3720 idque
760 3657 815 3718 ipre
830 3657 925 3704 ductae
942 3657 1074 3704 literarum
1092 3656 1206 3702 ostendit
1219 3655 1339 3714 inperari

238 3721 313 3782 adeo,
326 3729 354 3769 nt
367 3722 409 3770 rix
421 3721 525 3770 dubium
538 3721 658 3782 eupereit.
687 3720 718 3769 ln
732 3721 807 3770 Voce.
819 3736 832 3767 a
844 3735 879 3769 rn.
892 3733 931 3782 pr.
942 3728 1009 3779 eret,
1020 3733 1094 3779 marg.
1106 3750 1127 3765 ..
1139 3752 1145 3765 .
1157 3751 1163 3764 .
1173 3721 1280 3780 purique,
1290 3717 1336 3766 sed

237 3792 392 3848 correctum,
405 3787 481 3846 morgi
492 3787 653 3848 repararique,
662 3785 701 3832 uti
714 3785 825 3846 Goeipir.
838 3787 894 3833 eiee
905 3785 958 3834 ulia
969 3784 1115 3844 rnnpieione
1129 3782 1212 3830 liturae
1225 3791 1267 3830 ent
1280 3797 1337 3830 cor-

236 3849 379 3900 rectionis!
387 3849 474 3899 Arata.
506 3850 575 3898 Vide
587 3851 664 3898 Nott.
675 3850 751 3898 verr,
778 3850 859 3898 Codd.
873 3851 964 3896 Peter.
975 3856 1000 3896 et
1014 3850 1044 3894 ai.
1057 3862 1099 3909 ap.
1110 3847 1237 3894 Schwarz.
1254 3845 1336 3894 iisdem

236 3915 353 3964 udertotr'e
370 3914 420 3973 ciue
439 3914 558 3974 anguetiie
568 3930 578 3971 ,-
598 3914 713 3976 Gueiqrh.
734 3914 818 3962 iiedem
836 3913 955 3962 ubertatie
974 3910 1164 3975 auspiciisque,
1183 3911 1276 3974 quidue,
1291 3914 1336 3972 isc.

734 4071 842 4121 NOTAE

269 4195 281 4228 a
300 4187 432 4248 Coelumque
450 4186 566 4248 respexit]
582 4185 686 4236 Praeter
708 4199 766 4234 con·
807 4185 843 4232 ait
857 4185 967 4238 Seneca,
985 4191 1080 4231 ‘nemo
1100 4191 1228 4234 aratorum
1242 4181 1336 4246 repicit

236 4259 406 4310 suetudinem.
441 4261 492 4310 ‘lu
504 4259 630 4326 AEqypto'
646 4261 723 4316 enirn,
737 4267 765 4310 nt
805 4258 915 4324 coeiurn,’
927 4260 1000 4324 cujus
1017 4274 1067 4324 ope
1082 4261 1133 4309 sibi
1149 4273 1198 4308 non
1216 4257 1336 4308 ridentur
