3112 4852
559 369 842 419 nnuncrnrcus.
891 371 913 417 r.
936 353 991 416 39.
1258 355 1326 418 237

229 518 320 582 estis.
369 513 481 584 Quid?
502 535 565 598 pro
588 523 700 578 cetera
721 533 783 576 sua
805 513 1046 589 moderatione,
1063 531 1127 576 non
1148 515 1257 577 minus
1272 516 1324 578 in-

230 621 396 685 vidiosum
418 628 515 704 putat
539 619 619 682 dare
635 611 882 680 haereditatemk
897 635 997 698 quam
1013 616 1153 680 auferre.
1182 617 1215 678 5.
1239 617 1327 680 Laeti

229 741 306 803 ergo
319 722 409 785 adite
428 721 585 796 honores,
608 717 776 800 capessite
795 717 976 792 civitatem,
999 718 1164 782 neminem
1186 717 1251 780 hoc
1266 737 1324 780 ne·

229 823 447 886 cessitudinis
461 823 638 904 abruptum
652 819 745 883 velut
760 827 911 882 truncum
932 824 1209 901 amputatumqne
1223 819 1326 882 desti·

230 930 338 987 tuetzt
359 920 479 987 iisdem
501 941 628 997 omnes,
644 920 768 1004 quibus
784 925 870 995 ante,
886 919 1107 1003 pignoribus,l
1126 919 1186 982 sed
1201 920 1324 983 hones-

227 1027 331 1090 tiores
346 1023 560 1108 perfruentur.
604 1022 637 1085 6.
658 1020 711 1085 Ac
722 1039 762 1084 ne
776 1029 927 1084 remotus
943 1017 1100 1104 quidem,l
1109 1019 1251 1104 jamque
1267 1021 1325 1085 de-

227 1127 371 1192 ficientis
387 1123 561 1188 affinitatis
577 1122 712 1204 gradus,
727 1141 748 1184 a
763 1120 915 1204 qualibet
930 1121 1114 1203 quantitate
1134 1121 1327 1188 vicesimam

227 1226 366 1291 inferre⁶
387 1234 543 1308 cogetur:
577 1223 696 1288 statuit
720 1224 809 1286 enim
834 1225 1021 1286 communis
1038 1223 1182 1285 omnium
1199 1242 1322 1308 parens

226 1335 423 1403 summam,m
435 1345 514 1409 quae
530 1325 745 1408 publicanum
760 1323 830 1405 pati
846 1323 966 1406 possit.

257 1549 272 1582 t
288 1511 388 1588 Nullum
398 1539 447 1588 icc
457 1539 604 1601 cognationis
614 1537 752 1588 dissociatio
763 1542 875 1599 tunquam
886 1537 1015 1586 alconem
1025 1543 1097 1598 sique
1108 1541 1241 1600 separatum
1253 1538 1328 1586 liere-

227 1605 305 1654 ditcts
314 1610 415 1667 potem
424 1604 539 1667 privabit.

262 1667 279 1700 l*
293 1669 411 1718 sculcu-
874 1665 883 1696 i
906 1665 1045 1714 Vicesimum
1056 1666 1166 1727 pendere.

689 1825 869 1845 ΟΟΜΙΙΙΙΜΟ

227 1971 296 2004 mum
309 1955 375 2004 bene
386 1955 551 2021 feliciterque
563 1971 685 2018 recepere
698 1955 827 2004 Cellarius
846 1971 877 2004 nc
894 1955 1022 2015 Patarol;
1043 1953 1086 2019 qui
1105 1955 1233 2018 posterior
1249 1956 1327 2020 etiam

227 2021 260 2068 ed
278 2021 460 2070 auctoritatem
485 2021 644 2084 quarundam
665 2020 842 2068 Genrrenslnm
863 2019 1005 2068 editionum
1030 2028 1166 2083 provocat.
1212 2021 1247 2068 Et
1264 2035 1326 2070 sane

228 2085 337 2133 eandem
347 2085 483 2134 lectionem
497 2099 565 2133 nunc
577 2091 667 2148 aperte
677 2082 832 2132 confirment
842 2084 944 2132 codices
955 2083 1183 2132 Mss.Parisiensls
1193 2091 1220 2132 et
1230 2093 1327 2134 noster.

227 2151 271 2198 Sic
283 2149 374 2197 eodem
387 2150 468 2198 verbo
480 2149 507 2196 in
519 2149 567 2196 lroc
579 2154 742 2209 argumento,
753 2149 829 2209 paulo
841 2157 912 2208 ante,
923 2162 1017 2210 nempe
1030 2151 1127 2198 sect.2.
1138 2148 1212 2212 hujus
1225 2142 1332 2212 capitis}

227 2227 286 2260 usus
298 2213 412 2262 Plinius:
432 2221 439 2240 ⁴
452 2210 595 2272 Omnibus,'
606 2213 699 2276 inquit,
711 2218 718 2240 ⁴
729 2213 798 2260 inter
810 2227 838 2261 se
850 2213 1028 2275 cognationum
1035 2212 1095 2274 jure
1106 2214 1234 2262 commisit
1245 2215 1330 2276 simol,

228 2285 256 2324 et
268 2278 374 2338 pariter,
390 2287 417 2326 et
437 2291 507 2324 ruore
525 2283 635 2336 uaturae,
655 2291 712 2338 quse
730 2277 831 2339 priores
848 2277 978 2339 principes
991 2293 1005 2325 s
1018 2278 1123 2337 singulis
1135 2279 1219 2340 rogari
1233 2280 1328 2339 gestie·

228 2339 310 2388 bant?
343 2341 476 2404 Ceterum,
488 2341 512 2388 in
531 2343 578 2390 lroc
595 2341 651 2404 ipso
667 2342 733 2396 loco,
746 2341 830 2388 codex
850 2343 901 2390 Ms.
919 2340 1174 2404 Guelplrerbytnnos,
1186 2356 1232 2389 nec
1245 2344 1328 2390 minus

226 2406 295 2454 liber
307 2407 402 2467 primus
415 2406 559 2460 Gudianus,
572 2407 684 2470 itemque
698 2406 847 2461 Vossianus,
864 2407 910 2453 has
928 2419 1013 2468 rocos,
1028 2411 1051 2452 et
1061 2405 1152 2464 secter,
1163 2421 1239 2462 unus:
1256 2415 1328 2458 recte

227 2468 362 2532 proferunt
379 2470 404 2518 in
417 2484 523 2518 nurnero
535 2469 715 2530 multitudinis,
731 2468 863 2528 etsrclres,
874 2470 921 2517 nvi.
943 2469 994 2517 Sed
1006 2471 1088 2516 adlrue
1101 2470 1194 2517 menda
1205 2470 1288 2519 haeret
1300 2472 1327 2519 in

228 2535 380 2595 pronomine
402 2535 449 2596 qui.
481 2534 609 2593 Joseplurs
630 2532 755 2592 Scaliger,
771 2542 989 2581 commemorante
1006 2533 1106 2580 Tlroma
1123 2534 1223 2581 Hecto.
1238 2535 1275 2582 sic
1294 2537 1328 2582 le·

226 2599 339 2660 gendum
351 2599 527 2646 existimavit:
543 2599 594 2646 Cur
603 2598 696 2657 egetis?
711 2601 737 2642 ut
752 2597 814 2658 sitis,
826 2595 977 2650 uoluentis,
993 2597 1044 2658 qni,
1053 2612 1098 2660 pro
1107 2603 1185 2648 cetere
1196 2612 1240 2644 sno
1250 2600 1328 2646 enode-

224 2663 325 2716 ratione,
335 2664 377 2723 tsc.
411 2663 454 2708 Sic
470 2662 533 2709 setis
550 2662 691 2724 ingeniose,
703 2659 748 2706 sed
764 2661 818 2708 siue
836 2661 934 2708 calculo
945 2667 1055 2708 vetustae
1066 2660 1176 2722 alicujus
1189 2661 1328 2710 auctorite·

227 2728 271 2775 tis.
300 2726 411 2788 Propius
428 2725 461 2773 ad
476 2726 611 2773 veritatem
623 2722 734 2772 occessit
746 2724 857 2786 Lipsius,
868 2739 926 2771 cum
939 2738 986 2785 pro
998 2725 1089 2772 vocnln
1099 2727 1139 2785 qni
1150 2725 1328 2787 reponendum

227 2789 337 2852 conjecit
356 2791 420 2852 puin.
455 2789 507 2846 Sed
527 2791 666 2838 certiorem
685 2786 823 2835 lectionem
842 2788 929 2848 prodit
946 2788 1030 2836 codex
1042 2789 1210 2844 contendum
1224 2785 1330 2860 exhibet

228 2869 318 2902 vocem
331 2853 472 2902 sdmirsndi
484 2852 561 2917 quid-i
577 2852 645 2901 herrd
665 2864 740 2900 secus
760 2865 790 2900 nc
808 2850 884 2907 iufra,
903 2865 962 2914 cap.
978 2865 1070 2901 xrvrr.
1092 2857 1115 2900 1.
1159 2853 1259 2902 Plinius
1280 2853 1328 2914 sit,

226 2917 332 2969 ‘Quidr
356 2919 481 2966 vitamet
504 2931 587 2965 mores
601 2915 750 2981 juventutis
771 2930 846 2980 quarn
868 2917 1048 2978 principaliter
1069 2915 1199 2965 formnsl’
1231 2917 1327 2981 Itaque

227 2982 355 3045 integrum
371 2983 439 3030 hrrnc
458 2983 540 3030 locum
560 2982 596 3030 sic
616 2981 822 3028 concinnandum
843 2989 978 3041 putamus:
997 2980 1095 3030 Sorores
1110 2984 1177 3038 estis,
1189 2981 1328 3040 elfred-es,-

226 3041 267 3094 uui
284 3051 309 3095 et
325 3053 429 3108 nepotes.
464 3047 528 3100 Quid
546 3050 583 3094 est
601 3060 668 3106 ergo,
685 3057 728 3092 cnr
738 3047 836 3105 rogetis,
848 3050 876 3092 ut
886 3042 961 3094 silis?
999 3045 1070 3094 Vobis
1088 3046 1152 3094 entis.
1188 3045 1269 3100 Quid?
1282 3053 1328 3108 pro

226 3115 305 3158 cetero
323 3124 366 3158 sun
384 3110 552 3167 moderatione,
567 3123 613 3156 non
629 3107 707 3157 minus
724 3109 865 3156 insidiosum
875 3113 943 3170 putot
955 3109 1012 3156 dure
1023 3109 1195 3170 nereditatem,
1205 3123 1274 3171 qnam
1285 3125 1328 3158 orc-

222 3171 307 3232 jerre.'
325 3173 453 3221 Schwarz.
487 3173 614 3221 videndae
634 3173 798 3220 Nott.Varr.
831 3171 930 3220 Sorores
941 3171 999 3218 estis
1012 3169 1139 3229 etsroter;
1156 3187 1214 3220 cous
1225 3178 1248 3220 et
1260 3185 1328 3234 nepo·

227 3242 273 3284 tes.
292 3237 359 3294 Quid
369 3242 406 3286 eet
416 3252 482 3296 ergo,
500 3250 543 3284 cur
559 3235 654 3296 regitis,
669 3241 695 3283 ut
706 3236 778 3284 sitis:
794 3234 861 3282 nolis
870 3236 934 3282 estis.
954 3235 1003 3289 Qui
1016 3249 1068 3296 pro,
1078 3237 1119 3295 dc.
1131 3235 1190 3282 cod.
1205 3236 1328 3284 Putas.-

227 3305 243 3348 ὅ
261 3301 326 3348 uoeu
336 3315 393 3360 ergo
403 3303 485 3350 cudite
495 3299 553 3348 cod.
564 3301 626 3347 Vnt.
638 3303 711 3348 t.-o
734 3299 770 3348 Ac
787 3313 817 3346 ne
834 3299 946 3346 remotius
961 3299 1063 3359 plurimi
1082 3299 1157 3348 codd.
1189 3295 1264 3364 Mox,
1280 3315 1327 3361 pro

224 3369 332 3423 'engeten
349 3365 424 3416 codd.
445 3367 538 3414 Pater.
556 3363 668 3427 Guelplr.
683 3373 712 3412 et
725 3362 899 3413 Schwnrzirm.
917 3363 1041 3412 exhibent
1062 3370 1193 3424 cogentum
1219 3364 1282 3412 Vnt.
1301 3367 1327 3412 t.

224 3434 358 3488 cogeretur.

723 3573 832 3625 NOTAE

228 3699 294 3762 ciple
313 3701 361 3748 ‘ut
379 3700 448 3749 siris’
466 3700 493 3748 id
514 3701 581 3763 qood
593 3703 649 3765 jam
663 3704 671 3730 ¹
683 3704 756 3753 vobis
797 3703 945 3765 decerpere.

227 3773 308 3835 esris‚'
317 3777 609 3838 nempeeonssnguiuei.
627 3779 758 3827 Livineius
830 3779 1140 3841 ¹Acnercmotusqur‘dem]
1154 3777 1270 3827 Quartus
1282 3783 1328 3824 ent

229 3851 294 3912 legit
305 3865 347 3898 cur
362 3850 461 3911 rogetis,
475 3848 501 3897 id
514 3856 564 3912 est,
578 3864 624 3898 cur
635 3852 731 3914 aliquid
743 3867 759 3900 e
799 3853 902 3918 quintus
911 3852 1043 3902 affinitatis
1053 3855 1155 3916 gradus.
1171 3849 1328 3900 ‘Deficiens'

231 3939 271 3975 me
285 3933 411 3989 praeteres
422 3926 566 3988 postuletis.
801 3941 861 3976 vero
873 3928 1007 3990 septimus.

261 3999 275 4033 ¹
293 3997 359 4050 Dure
376 4001 550 4065 hereditatem]
569 4001 662 4049 Totum
679 4002 759 4050 liare·
831 4011 849 4036 ¹¹¹
866 4002 1000 4065 Summam]
1016 4003 1098 4054 Quem
1117 4000 1212 4064 porro?
1230 3999 1328 4055 nullibi,

231 4074 340 4124 ditarem
356 4089 459 4138 capere,
479 4085 507 4124 ct
524 4077 655 4125 haeredum
666 4077 759 4126 damno
800 4079 868 4144 qnod
891 4080 980 4141 sciam,
1001 4085 1083 4127 extet.
1123 4077 1202 4125 Certe
1224 4075 1327 4139 quidem

229 4149 294 4199 dare
305 4151 337 4198 sd
351 4150 494 4199 arbitrium.
519 4153 595 4206 Quom
605 4151 710 4215 auferre]
728 4153 758 4202 ld
799 4153 917 4216 modicas,
930 4151 1098 4202 hereditates
1115 4151 1222 4216 exemit,
1233 4159 1263 4200 ut
1275 4153 1328 4201 cle·

231 4233 373 4292 est,·quam
393 4225 540 4276 vicesimam
559 4234 659 4292 partem
676 4239 710 4278 es
728 4239 759 4278 en
798 4228 921 4280 rinsmox
932 4228 1044 4278 dicetur.
