3100 4854
269 393 313 456 74
542 407 574 452 c.
597 405 715 452 ruruu
740 405 890 454 onerurr
914 406 1077 454 secuunr

314 545 369 609 Ex
384 546 505 628 quibus
519 548 692 628 postremis
708 545 811 610 Plinii
825 547 938 612 verbis
956 547 1137 623 haurimus,
1159 566 1237 612 eum
1255 549 1357 630 paulo

269 653 347 710 ante
362 645 486 710 Nervae
500 653 651 720 mortem,
664 652 700 709 et
711 645 844 728 quidem
859 647 922 710 boc
937 665 990 708 un.
1004 656 1155 722 exeunte,
1167 655 1357 728 aegrotasse.

269 747 399 810 Etenim
421 765 496 810 oum
518 753 660 823 constet,
683 747 770 808 huuc
793 747 980 828 principem
1004 764 1054 809 vr.
1076 747 1156 810 Kal.
1178 749 1278 812 Febr·
1300 769 1355 814 au.

268 846 347 909 cur.
372 861 511 910 xcvrrr.
533 847 738 922 defunctum,
760 853 862 928 atque
888 845 1019 909 Plinius
1041 848 1110 922 isto
1129 847 1206 912 loco
1226 849 1357 926 doceat,

268 967 365 1012 suam
375 949 590 1031 praecessisse
600 946 727 1010 Nerrae
739 947 982 1027 valetudinem
997 951 1042 1012 ita
1053 952 1356 1032 tumeuutpristina

268 1050 411 1113 sanitate
420 1053 613 1129 recuperata
623 1048 792 1129 potuisset
801 1047 843 1111 ad
853 1067 952 1128 agros
962 1067 1136 1113 excurrere
1146 1049 1355 1131 longinquos,

266 1151 333 1212 uisi
348 1167 428 1211 mox
442 1147 734 1212 Nervaeraletudo
749 1149 957 1227 obstitisset;
972 1149 1048 1214 binc
1058 1157 1176 1230 sponte
1186 1150 1270 1225 fluit,
1280 1171 1354 1229 gra·

267 1249 437 1313 vissimum
456 1249 581 1311 hancce
603 1247 720 1311 Nostri
736 1248 970 1323 valetudinem,
984 1250 1049 1332 Ep.
1066 1265 1107 1311 x.
1128 1252 1161 1312 4.
1183 1251 1249 1313 boc
1264 1270 1354 1314 auuo

265 1349 342 1413 Chr.
365 1365 488 1412 xcvrr.
509 1349 680 1414 desinente
701 1348 878 1413 accidisse.
934 1350 1096 1426 Maxime,
1123 1353 1154 1413 si
1175 1351 1352 1415 vicesimus

264 1448 320 1512 ille
335 1449 535 1515 valetudinis
548 1451 633 1527 dies,
645 1450 688 1513 de
699 1470 766 1532 quo
782 1450 845 1532 Ep.
861 1466 928 1513 vu.
941 1451 973 1513 1.
986 1451 1029 1513 ad
1044 1451 1144 1514 istam
1160 1457 1301 1532 spectet,
1318 1456 1353 1514 ut

265 1551 451 1634 conjectare
467 1551 519 1614 fas
532 1557 593 1612 est.

306 1649 459 1714 Tandem
472 1657 507 1712 et
522 1651 587 1713 boc
606 1650 736 1714 circiter
757 1657 907 1733 tempore
925 1650 1059 1714 Tullius
1078 1651 1102 1716 J
1104 1659 1197 1716 ustus
1212 1651 1277 1715 fuit
1292 1652 1351 1716 Bi·

264 1750 386 1833 tlryuioe
402 1770 535 1833 procos.
549 1769 595 1814 ex
610 1752 675 1835 Ep.
692 1768 731 1815 x.
744 1752 798 1816 66.
817 1752 904 1835 quod
919 1751 1168 1828 observandum,
1184 1761 1222 1815 ut
1233 1754 1350 1816 melius

263 1857 383 1934 postea
403 1859 535 1935 tempus
557 1853 762 1930 definiamus,
793 1872 862 1936 quo
883 1851 1014 1916 Plinius
1037 1852 1123 1918 banc
1147 1853 1350 1935 provinciam

263 1954 406 2034 regebat.

518 2187 585 2250 Au.
599 2185 676 2251 Chr.
692 2175 828 2249 kcvrrr.
872 2186 938 2250 An.
956 2186 1023 2249 AEt.
1038 2189 1091 2268 gt.

306 2349 433 2415 Plinius
447 2350 605 2435 Trojano,
620 2352 734 2415 statim
748 2371 788 2415 ao
805 2351 928 2416 Nervae
941 2351 994 2416 27.
1009 2350 1032 2413 J
1034 2369 1089 2414 an.
1102 2349 1256 2415 defuncto
1272 2369 1346 2416 suc·

259 2457 417 2530 cesserat,
433 2452 615 2532 gratulatus
629 2459 694 2526 est,
708 2451 773 2534 Ep.
791 2469 830 2516 x.
846 2453 878 2515 1.

302 2551 389 2616 Mox
405 2555 449 2618 ab
467 2555 525 2618 illo
541 2553 601 2635 jus
616 2554 714 2618 trium
733 2553 910 2617 liberorum
930 2553 1046 2634 petiit;
1069 2550 1168 2633 idque
1181 2551 1343 2634 'l'rajauus

256 2651 279 2716 J
282 2654 341 2718 ulii
357 2655 507 2719 Serviani
523 2653 678 2736 precibus
701 2652 841 2717 indulsit
859 2651 1029 2727 libentius,
1049 2651 1128 2732 quia
1143 2671 1205 2734 pro
1218 2651 1344 2718 Nostro

256 2754 403 2836 rogabat.
448 2752 527 2831 Qua
542 2755 585 2818 de
599 2773 635 2818 re
647 2753 771 2836 gratias
791 2754 981 2836 imperatori
998 2751 1126 2816 Plinius
1140 2753 1211 2832 agit
1224 2753 1286 2834 Ep.
1304 2769 1344 2819 x·

256 2855 288 2918 2.
310 2864 345 2918 et
359 2855 493 2936 quidem
516 2856 626 2918 ‘iuter
642 2845 736 2917 initia
750 2854 937 2918 felicissimi
949 2851 1173 2936 principatus'
1194 2853 1277 2937 ejus.

298 2953 427 3018 Ibidem
443 2973 524 3018 vero
539 2973 614 3018 cum
631 2954 733 3029 dicat,
757 2960 885 3036 ‘eoque
901 2953 1007 3034 magis
1028 2955 1152 3040 liberos
1172 2955 1344 3036 concupis·

255 3074 307 3132 oo,
322 3073 408 3137 quos
424 3055 546 3118 babere
568 3054 670 3118 etiarn
693 3054 752 3118 illo
778 3054 967 3118 tristissimo
991 3055 1120 3118 seeculo
1142 3054 1343 3138 (Domitiani

253 3155 390 3240 nempe)
412 3158 513 3234 volui,
529 3159 617 3222 sicot
628 3164 726 3239 potes
741 3156 873 3220 duobus
892 3155 1111 3219 matrimoniis
1126 3155 1210 3219 meis
1225 3157 1340 3220 crede-

251 3257 309 3338 re,'
322 3261 403 3338 διας
426 3257 504 3323 iude
525 3257 624 3322 facile
649 3257 828 3338 colligitur,
848 3256 992 3320 Plinium
1012 3256 1076 3320 boo
1095 3264 1244 3337 tempore
1259 3276 1339 3320 uou-
1388 3335 1392 3346 Ι

251 3359 330 3423 dum
360 3360 491 3424 tertium
521 3360 666 3422 subiisse
698 3358 963 3436 matrimonium
1001 3356 1089 3439 quod
1119 3356 1339 3439 proculdubio

249 3465 478 3534 memorasset,
498 3464 535 3522 ut
550 3464 642 3521 tauto
658 3459 763 3538 magis
778 3458 945 3539 probaret,
967 3477 1003 3520 se
1017 3456 1141 3522 liberos
1151 3457 1339 3540 'coucupis-

249 3573 352 3624 cere·

220 3691 224 3706 ν
294 3657 435 3724 lueunte
456 3657 556 3720 etiam
576 3656 642 3720 hoo
665 3676 718 3720 au.
742 3662 776 3722 et
798 3665 875 3740 post
897 3657 1022 3723 Nervae
1047 3660 1185 3734 obitum,
1209 3658 1337 3724 Noster

249 3760 367 3826 oererio
388 3759 520 3823 Saturni
537 3759 725 3841 praefectus,
741 3766 779 3826 ut
794 3766 827 3824 et
841 3760 925 3823 inse.
941 3761 1031 3842 apud
1042 3759 1173 3824 Gruter.
1185 3760 1304 3839 ferunt,
1316 3781 1337 3824 a

248 3861 393 3946 Trajano
414 3866 544 3924 creatus
566 3859 665 3924 nobis
686 3859 835 3939 videtur3
857 3879 1045 3943 quanquam
1064 3860 1126 3922 viri
1143 3860 1240 3941 louge
1256 3861 1336 3925 doc-

248 3963 371 4026 tissimi
403 3961 611 4037 arbitrantur,
634 3961 667 4024 id
691 3980 809 4025 munus
831 3983 852 4026 a
875 3960 992 4024 Nerva
1014 3967 1048 4025 et
1069 3960 1213 4044 Trojano
1237 3961 1336 4025 simul

247 4065 371 4130 dutum.
417 4064 451 4129 N
454 4084 506 4128 am
525 4082 548 4126 ι.
564 4065 665 4128 verba
681 4084 755 4147 sup.
778 4085 822 4128 ex
843 4064 909 4148 Ep.
926 4080 966 4127 x.
981 4064 1035 4130 24.
1056 4066 1186 4148 prolata
1201 4067 1334 4130 demon-

247 4172 365 4242 strent,
380 4164 467 4228 idern
485 4163 626 4229 officium
643 4172 724 4247 post
739 4163 857 4228 Nostri
870 4172 904 4228 et
919 4163 953 4228 N
956 4184 1042 4230 erveo
1057 4164 1277 4228 valetudinem
1292 4166 1335 4228 ab

245 4266 321 4352 ipso
336 4262 482 4345 Trojano
495 4263 688 4348 delegatum.
735 4282 776 4329 ιι.
799 4265 929 4330 Plinius
944 4265 1009 4349 Ep.
1026 4281 1064 4329 x.
1080 4264 1134 4330 20.
1150 4264 1273 4330 diserte
1288 4263 1333 4330 ad
