3100 4854
556 399 598 446 rr.
619 397 726 446 uurrr
749 395 939 452 reuolui.
1230 385 1293 452 1³1

189 537 251 608 lta
272 541 306 607 lu
330 541 506 608 Prooemio
531 539 624 606 Hiet.
668 539 722 606 Ac
745 540 881 605 demum
901 537 1026 606 Florus
1041 539 1077 606 in
1092 540 1296 611 Praeiatione

195 643 367 710 affirmarit
382 640 590 726 ‘inunum
605 641 697 726 quod
719 641 843 706 inertia
858 639 1035 706 Gaesarum
1057 645 1156 727 quasi
1176 665 1297 712 couse-

193 749 325 824 nuerat,
340 743 457 810 satim
476 742 626 808 movisse
648 742 807 820 lacertos,
823 746 858 807 et
879 747 1004 828 prater
1025 761 1122 828 sporn
1147 748 1297 814 omnium

197 850 398 916 senectutem
433 843 579 926 imperii,
611 843 710 928 quasi
740 843 869 909 reddita
889 844 1068 928 juveutute
1095 845 1297 914 reviruisse!

197 947 323 1013 Merite
351 963 434 1011 sane
459 942 632 1027 Trajanus
662 943 850 1027 appellatus
872 945 1030 1028 optimus,
1055 951 1092 1011 ut
1120 952 1240 1030 postea
1263 951 1299 1014 iu

196 1046 501 1115 acclamationibus
516 1052 550 1112 et
564 1045 652 1111 votis
674 1065 743 1110 nou
762 1050 936 1128 optaretur
949 1047 1109 1132 princepe
1128 1048 1298 1133 ‘Trojano

196 1145 335 1215 melior!
356 1143 410 1212 Ac
424 1148 547 1212 ‘talem
563 1166 601 1210 se
613 1146 803 1233 praebuisse
816 1146 958 1227 dicatur,
969 1148 1106 1232 qualern
1121 1148 1182 1215 vix
1196 1170 1299 1235 aegre-

197 1269 265 1334 que
288 1248 471 1333 exprimere
494 1249 673 1314 valuerunt
697 1263 902 1313 summorum
924 1248 1123 1332 scriptorum
1147 1252 1307 1318 miranda

196 1349 356 1433 iugenio!
398 1349 452 1428 int,
467 1349 646 1434 ‘minaeus
660 1351 696 1414 in
709 1367 780 1433 quc
795 1348 856 1414 Dii
874 1348 1066 1432 effecerant,
1080 1353 1219 1435 nequid
1241 1353 1300 1418 de·

198 1449 422 1518 sideraretur?
464 1450 585 1518 Victor
600 1450 741 1517 Schotti.

243 1549 373 1637 Utique
395 1551 480 1618 nihil
503 1553 606 1619 ferme
628 1553 663 1618 in
686 1571 729 1618 eo
750 1550 1021 1630 desiderandum,
1035 1550 1067 1616 si
1090 1549 1302 1620 Christianus

197 1653 332 1720 fuisset.
357 1652 462 1732 Quod
475 1653 505 1718 si
516 1652 588 1737 ejue
598 1659 748 1738 ternpore
761 1654 953 1737 persecutio
965 1659 1081 1718 contra
1090 1652 1302 1720 Christianos

200 1750 371 1822 commota
399 1760 465 1832 est,
491 1755 558 1819 hoo
587 1755 659 1839 ejue
689 1754 964 1839 procuratoribus
993 1753 1213 1833 tribuendum,
1244 1757 1303 1840 qui

201 1855 337 1940 quidem
353 1855 503 1922 severius
515 1855 570 1920 usi
586 1858 665 1921 sunt
678 1852 791 1921 edicto
804 1854 881 1934 illo,
893 1873 964 1938 quo
980 1854 1135 1920 harterius
1148 1875 1210 1922 sou
1225 1848 1309 1922 con-'

200 1956 383 2036 ventinula,
419 1955 606 2041 inquibus
637 1957 682 2022 ad
712 1955 903 2022 seditionos'
926 1955 1123 2021 excitandas
1149 1957 1304 2023 audierat

201 2053 356 2123 horum
379 2057 544 2123 nouitatis
569 2055 744 2122 aarum
771 2056 964 2133 convenire,
984 2055 1207 2122 inconsultius
1227 2079 1302 2141 pro·

202 2160 369 2238 hibuerat.
414 2158 551 2237 Quade
565 2157 765 2224 remonitus
779 2174 800 2221 a
815 2157 940 2235 Plinio,
954 2161 1027 2223 tum
1041 2157 1210 2241 Bithyniae
1225 2179 1304 2242 pro·
1427 2215 1438 2232 ,

204 2259 352 2338 consule,
368 2259 516 2324 simulet
536 2259 581 2324 ab
595 2277 637 2323 cc
653 2257 805 2335 edoctus,
821 2275 890 2344 qua
904 2265 1018 2324 essent
1029 2277 1157 2324 morum
1171 2261 1302 2343 integri·

203 2366 273 2426 tate
286 2359 481 2450 Christiani,
494 2361 570 2444 ipse
580 2359 861 2446 *persecutionem
873 2366 911 2425 ut
921 2365 1017 2428 notat
1028 2367 1107 2446 post
1117 2358 1304 2434 Eusebium
1328 2405 1332 2420 κ

205 2460 359 2570 Orosius,
374 2460 549 2546 rcecnptio
562 2459 747 2526 levioribus
763 2459 937 2544 mitigavit.
