3050 4842
449 398 501 448 nn
524 355 805 448 rsuncriercun
828 399 962 448 rurum
1187 385 1251 452 ili

161 547 290 608 uppusun
306 540 362 599 ssd,
373 541 395 591 si
407 555 460 592 rsm
477 542 590 606 penitius
602 542 760 604 consideres,
777 549 888 606 utraque
900 542 979 592 etism
991 541 1079 604 lusbet,
1091 543 1160 607 quod
1172 542 1254 594 lecto·

161 623 198 674 ris
217 623 329 673 animum
347 622 534 686 aliquantisper
552 636 704 686 suspensum
726 629 816 672 tenere
834 629 920 686 queat·
961 622 1038 672 Prior
1051 623 1131 673 lectio
1151 623 1255 674 uidetur

162 709 285 767 suspecta
295 701 379 759 reddi,
391 701 459 766 quod
479 703 589 766 primum
608 703 759 753 insolentius
778 704 806 752 in
822 716 930 753 numero
946 700 1119 751 multitudinis
1134 702 1255 753 dicuntur

160 782 220 836 Dei.
230 781 275 846 qui
285 781 379 844 ubique
390 779 501 830 andiunt
511 780 566 830 Dii.
599 783 656 831 Etsi
669 783 737 830 enirn
750 781 920 832 (irummstiei
937 777 1012 845 vulgo
1024 780 1131 831 tradunt
1143 788 1255 846 utroque

161 860 240 910 modo
249 860 302 910 dici
313 861 363 910 Dei
372 867 401 910 et
413 860 476 919 Dii,¹
494 861 548 923 ipse
560 867 646 910 tumen
658 862 770 924 Bangius
790 861 971 926 grummsticus
989 861 1170 910 solertissimus
1188 861 1258 912 libro,

160 953 182 988 ι.
198 939 418 990 Observationum
441 939 671 1000 Philotogtcsmm,
689 954 750 1004 pag.
770 945 811 992 ⁴2.
833 940 942 1001 fatetur,
964 940 1084 1002 exempla
1106 941 1258 990 nominativi

162 1020 271 1083 pluralis
283 1020 334 1070 Dei
352 1019 504 1070 desiderari.
538 1019 640 1070 Deinde
655 1034 705 1070 uec
723 1019 786 1070 satis
804 1028 866 1083 apte
879 1021 976 1070 dictum
988 1020 1098 1075 ridetur,
1110 1020 1176 1069 Deos
1194 1035 1258 1070 ιιιιιι-

163 1099 308 1148 munirier
325 1097 430 1148 bomisss
444 1097 575 1159 fastigium
594 1112 641 1162 per
658 1099 797 1161 'l'rsjauum
813 1113 916 1151 ssrcure.
947 1098 1024 1150 Quod
1042 1099 1110 1148 enim
1128 1100 1259 1163 singulare

163 1178 272 1242 pietatis
284 1175 396 1228 officinm
416 1177 475 1226 Diis
492 1178 660 1241 praestitisset
677 1177 813 1242 Traianus,
824 1178 847 1227 si
863 1177 895 1228 iis
912 1193 1039 1228 summum
1057 1178 1127 1228 inter
1145 1179 1259 1230 homiues

162 1257 299 1321 tssugtum
320 1271 352 1306 ac
372 1257 571 1320 prreroqstisum
595 1255 764 1319 reliquissem
786 1271 845 1305 cusu
864 1264 892 1306 et
912 1256 1075 1306 Domitianus
1098 1264 1126 1308 ct
1144 1258 1197 1322 ulii,
1215 1259 1260 1322 qui

166 1338 312 1387 divinitatis
322 1351 415 1386 nomen
426 1336 601 1400 honoremque
618 1333 782 1400 affectarent,
794 1335 913 1399 pristinis
929 1343 1016 1386 tumen
1027 1336 1088 1385 Diis
1102 1337 1170 1386 istud
1186 1336 1262 1387 susti·

166 1418 237 1482 ginm
249 1415 401 1480 reliquerint
413 1417 422 1464 i
439 1415 488 1465 nisi
505 1415 614 1476 dixeris,
626 1415 673 1463 isos
683 1415 761 1464 etiam
779 1413 911 1478 principes
923 1415 1075 1464 vanissimus
1086 1415 1263 1466 smbitiosissi·

165 1510 285 1562 mosque,
302 1496 361 1546 Diis
378 1494 492 1558 pristinis
510 1495 620 1558 primum
636 1493 744 1558 grsdum
767 1493 911 1543 reddidisse
932 1494 1047 1551 dubium,
1070 1509 1129 1544 cum
1149 1494 1260 1544 medinm

165 1579 237 1628 iuter
246 1577 321 1626 Deos
331 1577 430 1637 sedem,
441 1581 564 1639 tauquam
576 1573 731 1639 primariam,
744 1573 793 1624 sibi
805 1573 943 1639 aliquando
953 1574 1156 1624 constituerunt.
1171 1575 1265 1624 Altera

166 1656 247 1707 lectio
258 1670 337 1706 serres
346 1670 399 1705 uon
418 1657 499 1705 solum
518 1654 598 1705 dubia
616 1654 733 1704 redditur
744 1668 791 1717 per
803 1654 982 1704 unctoritstem
994 1660 1034 1703 tot
1047 1654 1172 1704 librorum
1187 1667 1263 1704 moun

166 1743 194 1786 et
216 1737 286 1801 typis
305 1739 506 1800 exscriptorum,
526 1735 570 1800 qui
591 1735 679 1799 potius
698 1734 825 1784 exhibent
842 1739 951 1794 serum,-
967 1734 1013 1784 sed
1033 1734 1112 1783 etiam
1132 1748 1183 1784 nou
1202 1736 1264 1784 satis

167 1816 421 1868 videturconreuire
434 1815 461 1865 in
478 1816 609 1866 laudatam
627 1814 780 1864 modestiam
798 1828 830 1864 ac
845 1814 970 1878 pietatem
986 1814 1102 1877 Trajani,
1114 1814 1135 1862 si
1154 1813 1176 1862 is
1194 1827 1264 1862 nunc

168 1898 272 1948 dicetur
285 1897 335 1946 Dei
351 1911 468 1945 ιιιιιιιιιιιιιι
482 1895 614 1958 fatigium
629 1910 732 1945 moure.
763 1895 934 1957 Repugnatet
949 1899 977 1942 et
994 1893 1074 1954 ipsius
1093 1891 1173 1940 Plinii
1191 1891 1267 1941 testi·

167 1977 263 2035 munio,
274 1978 318 2041 qui
330 1990 409 2040 suprs
420 1989 453 2025 11.
461 1979 485 2024 i·
496 1974 628 2038 dixerat,‘
641 1988 769 2037 nusquam
781 1980 810 2020 ut
824 1972 880 2022 Deo
889 1984 969 2034 nuuc,
979 1983 1104 2034 nusquam
1116 1975 1146 2018 nt
1157 1970 1267 2032 numini,
1299 2015 1300 2020 ,

167 2055 347 2106 blandiamur?
380 2055 454 2104 Licet
473 2055 554 2115 igitur
575 2065 628 2100 non
646 2053 712 2099 adeo
733 2051 883 2111 expeditum
903 2052 947 2110 sit,
964 2051 1033 2097 inter
1053 2048 1180 2109 ancipites
1197 2049 1267 2112 ejus·

167 2134 238 2186 modi
254 2133 369 2183 rstioues
388 2131 486 2196 aliquid
498 2131 565 2182 certi
583 2129 710 2191 definitur
728 2133 855 2190 attamen,
866 2127 1028 2194 siinsistere
1045 2127 1154 2177 uelimus
1167 2129 1266 2192 require

167 2213 349 2266 moderatioris
361 2211 477 2273 critices,
489 2226 547 2275 quae
561 2211 653 2274 jubet,
663 2224 697 2260 us
713 2209 812 2274 ubsque
829 2208 996 2268 necessitate,
1007 2215 1036 2258 et
1052 2207 1149 2272 absque
1165 2207 1267 2258 indiciis

171 2293 324 2344 vetustioris
345 2291 454 2348 codicis,
474 2289 692 2353 subterfugiamus
714 2287 897 2338 anctoritatem
928 2288 1039 2351 vulgatos
1062 2294 1091 2337 et
1111 2301 1128 2336 a
1148 2285 1268 2351 piurimis

168 2374 243 2424 libris
255 2371 364 2422 firmatae
374 2369 512 2431 lectionis;
531 2369 610 2419 etiam
618 2369 702 2434 buius
719 2368 769 2418 loci
786 2369 865 2418 lectio
877 2367 955 2416 toties
969 2367 1026 2431 jam
1038 2367 1154 2428 vulgatu,
1164 2380 1240 2430 quam
1253 2380 1268 2415 e

171 2451 305 2504 codicibus
323 2451 388 2499 Mas.
405 2450 482 2512 punio
500 2454 562 2498 ente
584 2448 770 2510 recensuimus,
788 2447 901 2496 nondum
914 2447 1061 2496 deserenda
1078 2444 1191 2500 videtur,
1209 2460 1267 2495 cum

170 2532 284 2584 necdum
302 2537 395 2593 urgeat
413 2529 552 2579 sententie
570 2529 720 2577 necessitas.
752 2527 822 2576 Satis
837 2526 906 2575 enirn
924 2524 1065 2588 gloriosum
1081 2521 1132 2572 fuit
1146 2523 1269 2586 Traiano,

171 2627 219 2678 pru
232 2613 341 2662 istorum
352 2609 484 2660 homiuum
503 2607 637 2672 religione,
660 2605 728 2670 quod
748 2607 803 2670 ipse
822 2603 923 2653 modico
940 2603 1012 2652 cultu
1030 2608 1181 2663 contentus,
1199 2602 1270 2650 ‘non

171 2693 242 2757 apud
260 2691 364 2755 panium
384 2702 459 2738 suum
472 2687 584 2738 bonitati
599 2701 652 2736 suae
671 2685 768 2748 gratiss
779 2683 830 2747 agi,
848 2682 894 2732 sed
906 2681 975 2747 opud
992 2693 1088 2731 numen
1099 2679 1273 2732 luvisrolue-

171 2770 233 2834 ritq'
251 2768 414 2834 usqueadeo
430 2767 598 2828 commiserit,
615 2779 648 2814 ne
660 2764 708 2813 Dii
721 2775 909 2813 nonsummum
922 2761 992 2810 iuter
1006 2759 1124 2808 immines
1135 2756 1270 2821 festigium

170 2853 348 2914 honoremque
366 2847 544 2907 retinuerint;
561 2858 620 2895 cum
632 2844 677 2895 alii
694 2842 789 2894 incesti
803 2840 967 2905 improbique
985 2837 1130 2902 principes,
1147 2833 1271 2886 affectato

173 2930 319 2982 diuinitatis
336 2928 442 2989 honore,
457 2923 618 2987 effecissent,
633 2923 682 2972 ‘ut
692 2921 745 2972 suis
757 2921 850 2972 statuis
867 2919 998 2982 permixte
1009 2917 1123 2967 Deorum
1134 2914 1273 2969 simulacra

173 3010 332 3072 sorduerint,
344 3021 375 3058 ac
389 3006 488 3069 templs
509 3002 608 3054 inerint
624 3000 742 3066 polluta,’
758 3007 838 3065 prout
856 2998 952 3048 ibidem
969 2995 1085 3060 loquitur
1097 2995 1209 3046 Plinius.
1243 2994 1272 3044 st

172 3093 257 3142 minus
268 3087 360 3138 obvius
378 3094 420 3136 est
437 3084 610 3134 nominativus
629 3081 735 3144 pluralis
746 3079 804 3141 Dei,
816 3078 873 3141 ejus
891 3083 979 3125 tamen
997 3087 1059 3124 usus
1078 3073 1272 3122 vetustusVur·

174 3171 245 3221 runis
261 3165 409 3217 testimonio
421 3168 534 3223 constat,
545 3166 689 3212 unnotsute
701 3158 765 3208 Ger.
777 3157 820 3208 Jo.
833 3155 926 3204 Vossiu
938 3153 972 3202 de
985 3153 1050 3202 Arte
1062 3151 1179 3202 Gramm.
1190 3163 1234 3199 ιιι.
1250 3155 1276 3200 u.

174 3249 230 3298 Aut
250 3254 325 3298 certe
343 3261 377 3294 ex
395 3243 467 3294 facili
484 3242 570 3305 potuit
591 3238 659 3300 lieri,
680 3242 709 3286 ut
731 3237 863 3296 scriptura
880 3233 928 3281 Dii
945 3235 976 3280 et*
986 3231 1033 3281 Dei
1061 3236 1273 3279 commutaretur.

174 3329 244 3380 Haec
255 3326 406 3390 putsvimus
418 3320 507 3372 efferri
519 3333 595 3383 posse
613 3317 646 3366 ad
661 3316 727 3365 hanc
737 3314 878 3364 lectionem
890 3308 1091 3371 defendendum,
1103 3323 1161 3373 quse
1175 3316 1201 3357 et
1213 3307 1273 3357 oiim

175 3409 273 3472 saepius
288 3404 422 3470 publicata
434 3407 485 3464 est,
501 3405 529 3449 et
540 3411 616 3462 quam
628 3410 661 3446 ex
681 3393 815 3444 codicibus
829 3388 1013 3454 superstitibus
1024 3401 1093 3436 nunc
1111 3386 1196 3437 denuo
1214 3401 1275 3451 pro·

160 3495 162 3498 '
173 3487 281 3536 ierimus
292 3501 300 3534 ι
318 3483 360 3534 Sic
365 3482 410 3547 fit,
420 3487 448 3531 ut
464 3479 514 3529 Dei
525 3492 641 3527 summum
650 3476 714 3524 iuter
724 3470 966 3531 iomisesfustigium
975 3473 1084 3525 sororat3
1099 3479 1152 3516 cum
1168 3465 1274 3516 Deorum

175 3567 245 3632 (scil.
264 3561 411 3627 fastigium)
432 3562 483 3624 ipse
500 3575 548 3610 nors
565 3560 599 3608 sis
616 3559 724 3620 adeptus·
755 3553 841 3604 Quum
861 3550 1000 3600 lectionem
1020 3548 1097 3597 etium
1118 3545 1275 3596 Arntseuius

176 3661 246 3696 nnnc
257 3643 376 3695 retinnit.
408 3641 469 3692 Jam
482 3653 553 3702 vero,
566 3639 588 3688 si
600 3636 677 3688 animi
694 3633 777 3684 nostri
789 3630 956 3692 sententium,
969 3641 1018 3676 nec
1029 3639 1086 3676 eum
1098 3624 1168 3674 omni
1187 3623 1276 3676 uerisi-

176 3725 324 3776 militudins
342 3723 503 3776 destitutam,
522 3729 655 3781 exponere
672 3713 713 3764 fas
732 3714 782 3774 sitq
798 3711 873 3760 uobis
891 3709 982 3771 utique
1003 3705 1086 3754 ultera
1107 3702 1197 3763 lectio,
1216 3715 1275 3767 quae

177 3805 284 3855 uerbum
300 3803 377 3854 serres
389 3794 488 3862 tuetur,
500 3798 581 3850 multo
593 3795 675 3858 magis
687 3791 790 3856 plaustr
807 3789 857 3839 uisi
870 3785 948 3852 qnod,
961 3785 983 3834 si
1000 3783 1186 3848 qualecumque
1202 3781 1276 3844 iuge·

176 3885 248 3936 nium
264 3889 379 3933 nostrum
392 3880 466 3945 sequi
476 3879 566 3937 liceat,
582 3873 735 3926 uocabulum
746 3871 805 3934 Dei,
816 3871 908 3930 utpote
925 3863 992 3929 quod
1003 3864 1184 3924 incongruens,
1200 3865 1228 3909 et
1242 3873 1275 3907 ex

179 3967 279 4032 glossis,
290 3970 336 4014 aut
346 3977 381 4013 ex
392 3961 500 4011 audacia
511 3957 672 4010 librariorum
685 3952 770 4005 textui
780 3951 905 4000 intrusum
913 3944 999 3996 'videri
1011 3946 1101 4006 queat,
1112 3953 1180 3989 nunc
1191 3945 1277 3988 ester-

179 4043 338 4099 minandum,
355 4040 473 4104 adeoque
490 4040 575 4089 locum
595 4035 631 4084 ita
648 4030 817 4082 ordinandum
831 4026 980 4091 judicemus
994 4037 1002 4072 ι
1017 4020 1060 4070 Sic
1070 4019 1115 4084 fit,
1126 4023 1152 4067 ut
1163 4031 1277 4072 summum

179 4125 243 4172 ister
252 4123 356 4172 inminet
363 4119 493 4182 fastigium
509 4131 595 4174 seruos,
613 4129 666 4164 cum
676 4113 783 4164 Deorum
799 4110 850 4174 ipse
865 4121 913 4158 nos
929 4102 964 4154 sis
974 4104 1078 4166 adeptus.
1111 4097 1175 4147 ideo
1189 4101 1276 4150 antem
1298 4162 1299 4166 Ἰ

180 4201 313 4267 Trqjmns
325 4200 423 4252 dicitur
436 4211 562 4248 summum
578 4196 647 4247 iuter
659 4192 776 4244 homines
787 4187 930 4253 fastigium,
946 4181 1138 4245 maximumque
1154 4176 1277 4230 bonorem
