3050 4842
480 411 557 462 su
581 383 866 462 tsuaoutttoutt
890 408 1028 460 tutum.
1250 394 1318 463 439

210 555 350 622 potestatis
366 553 477 620 alicujus
492 553 658 622 imperatoris
674 567 726 606 non
743 552 846 604 diserto
864 552 1013 604 testimonio
1025 555 1142 604 veterum
1159 551 1318 619 scriptorum
1337 602 1341 616 ,

210 641 325 702 constet,
341 637 373 687 ad
392 635 567 701 indagandum
578 649 693 686 mensem
705 640 734 686 et
751 634 820 684 diem
838 633 981 685 tribunitius
992 633 1131 698 potestatis
1143 633 1252 697 primunt
1264 649 1320 685 sus·

209 724 308 782 cepte,
319 717 526 781 presumendum
538 731 605 773 esse,
613 716 731 783 quemvis
746 716 931 780 imperatorem
943 715 1058 780 priorum
1069 715 1221 765 secutorum
1233 730 1265 766 eo
1277 715 1320 776 dis

209 813 242 850 sc
254 813 342 850 mense
353 799 464 863 primum
476 799 638 851 tribunitiam
646 803 803 862 potestatem
811 797 1024 862 obtinuisse,quo
1035 795 1078 845 die
1087 801 1115 845 et
1126 809 1213 846 mense
1225 802 1320 859 postes

141 935 148 950 ·
207 879 310 944 ipsein
328 881 391 931 alios
408 895 466 932 esm
478 881 636 941 contulerim
653 885 681 930 et
692 879 815 935 vicissim,
833 877 952 945 quemvis
970 878 1155 941 imperatorem
1174 891 1207 926 eo
1225 877 1268 927 die
1288 893 1319 929 ec

208 975 299 1012 meuse
310 962 421 1027 primum
432 961 595 1013 tribunitium
606 966 767 1025 potestatem
783 961 811 1010 itt
827 960 890 1011 alios
909 959 1060 1015 contulisse,
1075 972 1126 1023 quo
1140 958 1196 1021 ipse
1208 957 1319 1010 eundem

208 1042 322 1107 primum
339 1043 493 1095 obtinuerit.
526 1043 571 1093 Sic
589 1042 658 1092 enim
673 1042 731 1106 jam
750 1039 914 1092 Octavianus
933 1038 1065 1103 Angustus
1089 1053 1117 1089 v.
1134 1037 1247 1088 Keleud.
1265 1040 1321 1090 Ao·

208 1124 481 1190 pertimuerat.
500 1124 627 1190 adoptato
644 1139 660 1173 s
678 1138 707 1174 se
724 1122 830 1173 Tiberio
847 1122 942 1173 detulit
960 1121 1123 1174 tribunitiam
1143 1127 1319 1186 potestatem

208 1207 279 1272 quod
288 1207 380 1259 eodem
391 1207 435 1258 die
452 1221 483 1257 ac
494 1221 583 1258 mense
600 1212 680 1256 antea
691 1204 723 1256 A.
736 1205 771 1256 U.
781 1205 811 1254 C.
823 1208 881 1254 lll.
897 1203 1006 1255 eundem
1020 1207 1180 1268 potestatem
1193 1202 1251 1267 ipse
1263 1217 1320 1253 sus·

207 1295 326 1350 ceperat.
358 1288 413 1338 Cur
423 1294 511 1339 autem
522 1288 578 1338 lssec
596 1286 687 1350 regule
704 1301 753 1335 non
771 1283 912 1335 conveniat
924 1284 951 1333 itt
962 1283 1032 1334 diem
1044 1284 1157 1334 nutslem
1171 1283 1320 1347 adoptionis
1356 1325 1358 1331 ,

209 1366 348 1434 Hadriani,
358 1369 430 1434 (enm
442 1369 513 1420 nulls
523 1367 600 1420 facile
617 1369 708 1431 regula
725 1367 802 1417 detur
821 1367 876 1416 sine
894 1363 1077 1430 exceptione,)
1094 1365 1145 1416 alio
1162 1365 1221 1414 loeo
1237 1379 1319 1429 expo·

208 1464 285 1501 nome
302 1451 406 1502 interim
419 1459 506 1502 tumen
524 1466 555 1501 ss
567 1451 634 1502 bene
651 1449 778 1514 applicari
797 1455 886 1514 potest
903 1449 936 1498 ad
952 1447 1106 1512 Trajenum:
1123 1449 1243 1513 qnoniam
1256 1463 1319 1498 eon·

207 1537 270 1588 stet,
280 1533 521 1596 Nervam,‘1'rsjani
533 1533 558 1582 itt
569 1531 680 1596 imperio
691 1537 894 1593 antecessorem,
904 1544 920 1578 e
931 1529 972 1578 die
984 1543 1069 1579 xvttt.
1081 1528 1231 1593 Septembr.
1242 1527 1276 1580 Α.
1286 1530 1319 1582 C.

208 1615 250 1670 96.
260 1611 350 1662 statim
365 1618 426 1677 post
436 1612 536 1664 caedent
549 1612 699 1676 Domitiani,
712 1625 794 1662 annos
811 1611 914 1675 imperii
926 1618 955 1676 et
965 1610 1110 1661 tribunitiae
1122 1610 1261 1674 polesttttis
1272 1623 1320 1660 nu·

207 1705 311 1742 merare
322 1693 433 1757 coepisse
443 1709 451 1756 ;
469 1693 614 1759 eodemque
626 1693 669 1744 die
682 1693 742 1743 enni
753 1693 888 1759 sequentis
900 1692 1039 1757 adoptasse
1047 1691 1198 1756 Trsjsnum,
1206 1705 1318 1757 eumque

206 1773 235 1822 its
246 1773 403 1824 consortium
419 1774 522 1838 imperii
534 1774 665 1825 ascivisse.
699 1776 855 1825 Celebretus
871 1775 962 1839 itaque
973 1779 1016 1825 est
1030 1773 1078 1823 sub
1091 1773 1199 1837 imperio
1211 1771 1320 1836 Trojsni

206 1852 359 1905 diesxttttt.
371 1855 541 1918 Septembris,
558 1863 682 1920 tunquam
702 1856 797 1906 natulis
815 1856 886 1920 ejus3
903 1856 938 1906 de
956 1869 1007 1920 qtto
1025 1853 1126 1905 Plinius
1138 1853 1263 1917 Epistx.
1274 1857 1319 1906 28.

205 1925 275 1984 ‘xta
285 1934 419 1984 Kalendas
431 1935 561 1986 Octobres
573 1935 722 1998 Bithyniam
741 1936 847 1986 intrari.
882 1936 944 1986 Non
961 1949 1067 2000 possum
1086 1941 1174 1986 tomen
1192 1934 1226 1984 de
1244 1948 1317 1984 mors

206 2016 292 2081 queri,
303 2016 434 2066 cnm'milti
450 2014 679 2082 contigeritqu'od
694 2023 753 2068 etet
764 2016 1010 2080 auspicatissimum,
1027 2014 1183 2082 (postridie)
1200 2016 1315 2076 natalem

206 2100 279 2146 tuum
291 2096 318 2146 in
329 2097 463 2160 provincia
474 2096 627 2148 celebrare!
650 2097 753 2148 Plinius
765 2098 868 2163 quidem
879 2091 996 2149 hocloco
1009 2112 1059 2148 non
1071 2097 1193 2148 distincte
1205 2096 1316 2160 indicat,

206 2176 301 2242 dequo
312 2177 355 2229 die
367 2178 569 2245 natali-Trsjsni
580 2180 712 2245 loqttstnr,
723 2187 808 2230 utrum
820 2178 946 2242 deprimo
959 2179 1002 2230 die
1013 2179 1084 2241 sitta,
1093 2193 1126 2228 stt
1138 2177 1181 2228 die
1194 2177 1316 2242 adoptio·
1402 2242 1404 2246 ι

206 2257 258 2320 nis,
274 2273 307 2308 an
326 2259 368 2310 die
386 2261 487 2326 imperii
500 2259 670 2326 Augusteum
687 2261 732 2311 sed
746 2260 912 2312 manifestum
928 2268 979 2324 est,
996 2262 1029 2311 de
1046 2261 1128 2312 natali
1147 2260 1249 2324 imperii
1261 2259 1317 2309 Au·

206 2340 292 2400 gustei
303 2340 414 2406 intelligi
425 2357 477 2394 nou
490 2359 580 2408 posse;
596 2359 654 2395 curu
670 2347 720 2396 ltoo
732 2345 833 2409 plenius
849 2344 985 2407 imperium
1003 2343 1108 2394 demum
1128 2347 1187 2408 post
1204 2346 1315 2391 mortem

205 2417 313 2485 Nervae,
325 2420 352 2470 d.
364 2425 586 2475 xxv11.annsrit
604 2425 637 2476 A.
649 2426 679 2476 C.
691 2430 732 2476 98.
744 2425 854 2487 adeptus
871 2431 951 2475 esset.
984 2426 1049 2477 Quis
1069 2425 1125 2474 dies
1143 2424 1242 2487 primus
1253 2423 1316 2472 ritae

204 2496 295 2557 inerit,
306 2499 333 2546 id
345 2501 457 2550 nondum
470 2511 543 2552 certo
555 2505 648 2570 liquet.
673 2505 750 2554 Diem
763 2511 849 2554 eutem
861 2518 946 2554 xvttt.
957 2504 1120 2568 Septembris
1131 2502 1211 2564 fuisse
1221 2510 1229 2534 ⁴
1240 2509 1315 2554 nata·

203 2576 255 2626 letn
266 2576 433 2641 adoptionis,'
443 2588 480 2644 et,
492 2590 521 2632 ut
538 2582 576 2632 ite
589 2585 688 2648 loquar,
699 2584 707 2612 ‘
717 2584 852 2650 coimperii
862 2585 870 2608 '
881 2585 993 2649 Trojani,
1009 2584 1186 2650 consortiique
1205 2583 1315 2635 tribuni·

204 2658 251 2708 tim
262 2659 410 2723 potestatis,
426 2659 453 2710 id
465 2677 499 2711 ex
517 2662 724 2726 probabilissime
742 2665 821 2716 diotre
839 2667 935 2729 regule
952 2665 1048 2716 indicio
1060 2665 1235 2728 intelligimus.
1267 2665 1313 2714 De

203 2751 255 2803 qtto
267 2737 310 2788 dte
318 2739 408 2797 nstsli,
420 2740 465 2790 six
476 2740 577 2802 dubito,
590 2745 650 2809 quin
662 2745 762 2797 Plinius
773 2747 851 2798 etism
865 2747 949 2811 Epist.
960 2761 989 2797 x.
1000 2751 1042 2796 60.
1052 2747 1190 2816 loquetur:
1209 2745 1316 2816 ‘Diem‚

203 2818 328 2882 Domine,
339 2835 390 2884 quo
407 2824 518 2872 serrasti
529 2824 675 2890 imperium,
691 2827 752 2877 dum
762 2828 873 2892 suscipis
884 2845 892 2891 ;
910 2833 1008 2893 quanta
1019 2827 1127 2877 mereris
1138 2825 1232 2877 taetttte
1241 2827 1312 2878 cele·

202 2898 354 2950 movimus!
386 2902 517 2968 Trajanus
528 2906 607 2968 enim,
625 2907 733 2958 simulac
750 2909 892 2974 adoptatus
904 2916 943 2959 est
955 2924 971 2958 a
982 2907 1082 2971 Nerva,
1096 2909 1213 2971 suscepit
1230 2907 1311 2958 etism

201 2983 360 3033 consortium
378 2983 491 3049 imperii,
512 2985 614 3052 bneque
634 2996 768 3054 suscepto,
786 2991 912 3056 repressit
933 2990 1087 3041 seditionem
1111 3006 1127 3044 a
1145 2988 1310 3054 pretorianis

201 3068 265 3113 tuuc
274 3071 445 3117 commotam:
462 3075 625 3133 quapropter
634 3070 739 3134 dicitnr,
750 3069 914 3134 ‘suscepisse
924 3070 1129 3135 rempublicam:
1138 3075 1167 3120 et
1177 3071 1185 3099 ‘
1194 3083 1310 3120 servasse

200 3143 357 3208 imperium.'
389 3146 458 3198 Inde
469 3147 568 3199 Plinius
580 3151 665 3214 Epist.
675 3163 704 3200 x.
714 3156 737 3201 t.
750 3151 793 3200 ubi
805 3151 916 3216 Trojano
926 3151 1118 3215 gratulatur'de
1132 3151 1242 3214 imperio
1254 3150 1310 3200 Au·

202 3231 303 3287 gusteo,
314 3233 374 3290 post
383 3227 483 3279 obitum
495 3230 593 3282 Nerree
604 3233 719 3297 sdeptot
733 3232 797 3283 ‘Dii
808 3232 986 3291 immortales,'
995 3233 1089 3297 lnquit,
1100 3233 1108 3261 ⁶
1119 3231 1310 3282 festinaverunt

201 3303 313 3356 virtuter
325 3313 383 3377 tuas
394 3308 427 3358 ad
439 3310 615 3378 gubernacula
627 3314 789 3378 reipublice,
804 3328 881 3379 quern
893 3328 1057 3378 susceperas,
1068 3312 1224 3364 admovere!
1252 3313 1309 3362 Sci·

199 3383 265 3434 licet
276 3385 332 3449 jam
344 3392 406 3439 aute
416 3389 553 3453 imperium
567 3392 727 3458 Augusteum
738 3394 835 3445 dicitur
851 3391 1014 3459 ‘suscepisse
1026 3391 1230 3459 rempublicam,'
1245 3392 1307 3446 dnm

198 3478 250 3515 non
262 3467 344 3518 solnm
356 3467 496 3534 adoptetur
508 3488 524 3523 s
534 3473 634 3537 Nersa,
650 3475 697 3525 sed
712 3477 792 3528 etium
803 3477 830 3526 in
841 3477 1000 3527 consortium
1013 3475 1156 3527 tribunitiae
1168 3475 1308 3541 potestatis

141 3591 143 3598 .
199 3552 227 3596 et
238 3546 342 3612 imperii
359 3551 458 3608 ascitos
469 3561 541 3606 esset
552 3555 687 3621 Trsjunus.
719 3559 815 3625 Itaque
833 3559 892 3610 dure
910 3559 1014 3611 omniuo
1030 3558 1138 3622 epoche
1157 3555 1306 3608 statuenda

199 3637 260 3674 sunt
277 3628 303 3677 itt
322 3630 431 3695 Trajsni
451 3633 575 3686 historie:
594 3652 645 3687 una
664 3654 679 3688 s
696 3639 740 3690 die
758 3654 841 3690 xvstt.
860 3641 1024 3704 Septembris
1043 3640 1077 3689 A.
1088 3639 1118 3690 C.
1130 3642 1172 3689 9⁷.
1190 3652 1241 3704 quo
1262 3637 1306 3688 die

198 3717 292 3770 nempe
311 3708 452 3772 adoptatus
467 3721 525 3764 est:
547 3731 563 3764 a
574 3732 625 3780 qua
640 3720 738 3780 epocba
749 3720 910 3782 potissimum
926 3720 1092 3770 deducuntur
1109 3721 1211 3770 numeri
1223 3719 1308 3770 tribu·
1363 3725 1365 3729 '

198 3784 271 3836 nitite
282 3790 421 3851 potestatis
436 3791 511 3856 bttjtm
530 3795 696 3859 imperatoris
715 3798 741 3846 itt
760 3800 871 3848 nummis
890 3800 1072 3864 lapidibusque
1092 3798 1221 3864 sntiqttist
1239 3815 1305 3865 quos

196 3878 319 3916 numeros
331 3873 432 3920 tautum
445 3871 478 3921 ud
491 3887 541 3924 xx.
557 3887 632 3926 unte.
643 3890 707 3928 roe.
718 3877 838 3942 deduxit,
850 3879 875 3928 d.
888 3892 916 3929 x.
929 3879 998 3944 Aug.
1010 3880 1044 3931 Α.
1056 3880 1086 3930 C·
1099 3884 1156 3930 tlt.
1170 3888 1304 3944 mortuus;

197 3961 265 4006 cunt,
280 3950 302 3998 si
314 3951 346 4000 sd
358 3951 385 4001 d.
396 3966 481 4004 xvtts.
492 3956 568 4020 Sept.
579 3959 697 4022 ejusdem
709 3961 770 4010 suni
781 3961 860 4012 ritem
877 3961 1046 4027 extendisset,
1063 3975 1133 4012 nam.
1144 3975 1208 4013 xxt.
1224 3976 1301 4014 estse.

197 4040 260 4080 eos.
284 4029 452 4084 incbostnrus
469 4033 577 4107 ittissett
592 4038 660 4089 ‘dnm
681 4041 819 4105 quotannis
830 4041 857 4092 d.
873 4028 958 4092 xtttt.
975 4043 1049 4106 Sept.
1067 4041 1129 4093 trib.
1142 4049 1303 4106 potestatem

196 4109 316 4175 repetiit,
334 4125 502 4180 numerosque
524 4117 608 4169 auxit.
640 4119 734 4186 Neque
754 4122 821 4172 ullus
841 4123 966 4188 genuinus
985 4123 1087 4187 'l'rujuni
1109 4137 1238 4184 nummus,
1256 4134 1303 4178 aut

194 4191 260 4255 lupis
272 4199 395 4249 vetustus.
411 4194 436 4244 iu
449 4195 614 4262 designandis
625 4203 739 4252 numeris
751 4204 894 4254 tribunitio
907 4204 1045 4268 potestatis
1062 4204 1121 4254 buic
1138 4208 1244 4269 epoche
1258 4224 1298 4260 re·

195 4269 321 4338 stupetur·
349 4272 441 4326 Altera
451 4279 550 4343 epoctu
561 4280 587 4331 itt
598 4281 704 4334 ltistoritt
717 4283 825 4348 'l'rsjatti
842 4284 942 4337 initium
960 4284 1034 4338 ducit
1045 4300 1061 4336 a
1072 4297 1165 4338 xxvtt.
1181 4287 1300 4340 Jamtarii
