3050 4842
461 393 512 440 sn
535 385 817 441 rannorarouu
841 389 979 438 rorum.
1202 375 1269 442 367

173 533 285 596 impeiio
295 531 439 596 imparem?
452 531 506 582 Sed
514 527 683 582 nonne'eesse
694 531 785 588 habeo,
797 529 914 594 pluribus
926 525 1082 580 seutentiam
1094 545 1176 581 meam
1186 535 1269 596 tueri}

173 627 233 660 enm
249 613 284 661 el.
300 611 458 661 Amtzenios
472 611 550 660 obvia
569 610 730 662 humanitate
741 611 803 660 milri
819 611 876 674 jam
891 608 999 660 offuerit
1016 617 1150 677 patronus,
1162 627 1210 679 pro
1229 627 1270 664 me

173 705 278 744 eausam
291 691 372 756 gratis
382 692 473 742 (lisere
485 698 601 756 paretur.

485 913 487 918 ’
569 935 572 940 ·
595 920 783 972 excellens
801 921 852 971 Xl.

190 1089 277 1139 =Cat¹.
290 1101 353 1138 vrrs.
372 1091 395 1138 l·
411 1086 498 1138 Setun
514 1101 571 1150 ergo
590 1085 679 1135 uitauit
696 1085 757 1134 luae
776 1100 874 1143 rosum
891 1083 1065 1146 mejudicium
1083 1085 1219 1145 homiuum·
1230 1091 1272 1139 sed

175 1169 281 1220 Deorum
291 1169 372 1229 etium,
389 1168 415 1217 iu
432 1169 557 1218 eonsilium
575 1167 694 1217 assumsit.
729 1165 841 1215 Codices
859 1165 923 1215 Mas.
939 1165 1273 1230 Vaticanus,'Parisieusis‚

174 1247 303 1304 Venetus,
316 1248 472 1308 Patavinae,
483 1256 512 1297 et
521 1262 604 1302 moos,
616 1247 679 1296 item
691 1251 718 1294 et
729 1245 755 1293 in
767 1246 870 1294 exousia
881 1245 963 1302 libris,
975 1245 1147 1310 Puteolanos,
1166 1249 1274 1297 Beroal-

174 1325 338 1389 ‹los‚=Aldus,
347 1334 374 1376 et
386 1328 562 1383 Philomusns,
574 1334 696 1388 corrupte
709 1324 939 1387 prodnutjuoioi05
959 1340 1006 1388 pro
1018 1341 1049 1376 eo
1061 1327 1131 1390 qnod
1148 1339 1272 1392 expresse

175 1406 293 1471 beneque
313 1407 410 1458 lrabeat
431 1409 517 1458 codex
537 1408 799 1473 Goetpnerbysmm,
819 1406 1023 1467 Solisborgensis
1051 1422 1084 1456 ex
1110 1407 1273 1458 correctione

175 1487 290 1550 antiquie
301 1501 403 1551 manus,
421 1487 497 1552 (cum
510 1494 572 1539 ante
585 1486 763 1547 etiamjodioio
779 1486 905 1548 scriptum
917 1485 997 1536 fuisse
1009 1486 1191 1552 rideatur‚)wet
1207 1487 1274 1537 liber

175 1567 280 1628 Vorsii3
298 1581 373 1635 quam
385 1571 540 1636 scripturam
559 1583 628 1618 nune
649 1568 763 1631 amplexi
775 1582 877 1631 quoqne
896 1574 957 1618 aunt
969 1567 1103 1617 Gesnems
1122 1575 1150 1616 et
1161 1571 1275 1617 Arntze·

174 1647 242 1696 uiua.
276 1647 386 1696 Plurimi
398 1649 441 1697 alii
461 1648 575 1698 editores
591 1649 748 1712 evulgarunt
757 1647 886 1708 ‘lanimem
919 1647 957 1697 At
969 1650 1036 1697 vero,
1048 1656 1077 1697 et
1093 1648 1152 1697 alloi
1164 1648 1275 1710 Plinius,

175 1725 219 1776 ubi
231 1726 263 1776 de
275 1727 387 1790 plurium
407 1729 538 1778 huminum
552 1729 654 1793 jndicio
674 1729 797 1792 loquitur,
812 1742 919 1777 numero
940 1727 1114 1779 multitudinis
1132 1729 1172 1778 oti
1184 1729 1275 1790 'selet3

174 1822 200 1856 v.
212 1822 238 1870 g.
257 1819 337 1858 mtto.
346 1813 371 1856 8.
389 1809 444 1860 ‘Ut
463 1816 490 1858 te
502 1817 530 1859 et
547 1809 668 1870 religioni
679 1811 803 1864 Deorum,
820 1807 1109 1870 etjudieiislrominom
1121 1808 1275 1859 exhiberes?

174 1900 293 1944 sxxxtv.
308 1892 332 1936 8.
356 1889 471 1939 ‘Verum
490 1891 612 1939 honorem
626 1889 652 1939 in
667 1889 776 1953 judiciis
795 1888 926 1936 homiuum
942 1886 1087 1950 reponant.’
1112 1889 1144 1936 ln
1161 1889 1273 1952 volgatis

173 1965 257 2030 libris,
268 1968 311 2016 ubl
322 1967 444 2028 judicium
454 1969 552 2026 editur,
567 1985 659 2034 purum
676 1977 750 2033 grute
768 1965 917 2029 tparanete
933 1967 1044 2030 plurium
1057 1968 1188 2017 nominum
1205 1968 1275 2017 siml·

173 2046 235 2095 liter
247 2046 395 2096 cadentium
413 2057 562 2098 occurrunt.
596 2049 779 2112 Cominiume,
791 2047 861 2111 qnod
880 2047 982 2103 mirum,
996 2047 1119 2095 mendose
1136 2046 1219 2096 edidit
1233 2061 1276 2098 see

172 2125 324 2186 soluentem
332 2128 462 2191 homiuum,
477 2127 546 2192 quod
556 2128 603 2178 Th.
616 2128 725 2176 Hearne
739 2127 817 2176 etiam
831 2127 923 2176 tribuit
941 2125 1091 2189 Scaliger03
1109 2125 1231 2190 quoniam
1248 2127 1274 2176 in

173 2205 252 2270 libro,
270 2221 348 2270 quem
365 2207 483 2271 Scaliger
503 2207 633 2269 qnondam
654 2207 779 2270 possedit,
798 2206 855 2255 eloe
872 2206 951 2254 drinio
970 2220 1001 2255 ex
1018 2205 1178 2268 cuspiniani
1196 2207 1274 2258 editi·

174 2299 234 2342 une,
252 2285 308 2334 hoec
325 2286 402 2336 lectio
424 2294 550 2336 annotata
569 2293 633 2335 erat.
667 2287 742 2336 Bene
761 2285 947 2336 animadvertit
960 2287 994 2334 ol.
1008 2285 1175 2343 Arntzeninr,
1192 2287 1218 2336 in
1236 2288 1275 2338 his

173 2365 262 2416 verbis
278 2365 393 2415 Plinium
412 2365 549 2415 brevitatis
565 2381 642 2416 carisa
659 2367 777 2415 omisisse
796 2366 951 2429 particulam
968 2369 1054 2424 solum,
1064 2367 1118 2416 sire
1128 2368 1207 2430 modo,
1218 2369 1286 2418 sive'

174 2451 282 2505 tontum·
298 2460 356 2496 eum
368 2447 469 2510 plenius
481 2447 571 2497 dicere
582 2447 725 2502 debuisset,
742 2461 785 2494 uec
796 2451 889 2495 tontum
902 2445 1000 2504 judicio
1014 2446 1145 2509 lominum,
1155 2448 1197 2496 sed
1210 2448 1275 2498 Deo·

174 2539 229 2574 rum
243 2524 324 2578 etiosa,
341 2524 371 2574 in
388 2525 513 2574 consiliam
532 2526 653 2574 assumsit.
686 2526 730 2584 Sio
750 2531 777 2571 et
794 2525 883 2573 Livius
897 2537 1001 2572 xxxix.
1012 2528 1053 2574 28.
1075 2525 1152 2573 ‘Non
1172 2525 1275 2588 (modo)

176 2618 235 2655 eom
247 2603 384 2653 Maronitis
393 2605 464 2661 milri,
474 2609 585 2654 anteum
598 2593 894 2666 Eumene,'disoeptatio
905 2611 962 2664 est;
981 2603 1117 2656 sedetiam
1128 2604 1275 2668 nobiseum,

175 2683 304 2736 Romani!

586 2879 771 2933 EXCURSUS
788 2879 854 2932 xlt.

177 3071 180 3076 ·
210 3045 279 3096 Cae.
292 3057 355 3094 vrrs.
367 3048 391 3093 2.
408 3042 464 3093 Sibi
480 3043 543 3093 esim
560 3044 606 3094 Dii
617 3045 722 3106 glorium
732 3045 799 3094 illam
808 3043 1009 3095 vindicaverunt.-
1024 3045 1106 3096 torum
1118 3063 1184 3112 opus,
1195 3049 1276 3099 lorum

175 3127 237 3176 illud
246 3126 386 3188 hesperium
405 3123 486 3174 Neruo
495 3121 587 3174 trintum
598 3125 771 3184 ministerfoit.
808 3119 921 3186 Uterque,
932 3127 974 3188 qul
983 3127 1176 3190 adoperiendam
1184 3130 1278 3192 paruit,

177 3221 247 3270 quom
256 3211 293 3262 tu,
304 3205 346 3268 qui
357 3204 518 3268 adoptoboiis.
552 3205 584 3253 lo
596 3205 671 3253 ooioo
684 3204 775 3252 codiee
787 3203 916 3252 Vaticano
933 3208 1006 3254 stol.
1015 3207 1137 3256 mendose
1149 3208 1276 3270 seriptum

177 3295 232 3347 est‚·
243 3285 286 3334 lroe
296 3300 364 3348 opos,
376 3286 464 3335 lsorum'
474 3281 596 3347 illudflso'.
616 3298 662 3347 pro
679 3285 762 3332 lorum
780 3299 846 3348 opus,
857 3286 899 3346 850.
914 3275 971 3333 com
983 3299 1034 3334 nou
1046 3287 1127 3336 solum
1140 3286 1165 3335 in
1181 3289 1277 3338 ceteris

176 3365 262 3415 tribus
283 3365 429 3424 Vaticanis,
452 3363 499 3412 aed
521 3364 599 3412 etiam
617 3364 642 3411 in
664 3364 720 3412 aliis
742 3364 815 3413 libris
834 3363 962 3427 omnibns,
980 3365 1060 3414 lectio
1079 3357 1277 3430 vulgataastetss

177 3445 275 3509 Porro,
285 3445 371 3493 Nerva
382 3449 476 3493 tontum
490 3445 515 3492 in
529 3444 664 3493 codicibus
677 3446 743 3494 Mss.
762 3444 906 3500 Vaticanis,
919 3435 1162 3510 Guelph'eroytano,
1174 3455 1201 3498 et
1210 3463 1278 3506 meo,

179 3533 259 3590 atque
271 3527 297 3574 in
314 3525 470 3589 qutomoam
482 3526 585 3574 eiousis
595 3543 603 3588 3
621 3532 648 3574 ot
659 3521 685 3574 in
703 3526 797 3576 ceteris
807 3527 890 3576 Nereo
901 3531 980 3576 tumeo
991 3527 1132 3592 invenitur,
1142 3543 1190 3592 pro
1201 3523 1278 3578 solita

118 3651 122 3656 .
178 3607 225 3655 illa
234 3607 323 3654 harum
335 3607 630 3668 particulornm'lootam
641 3615 669 3657 et
677 3612 763 3664 tumeo,
771 3616 880 3670 propter
892 3607 1100 3671 compendiosam
1111 3593 1278 3671 scripturum,

178 3685 342 3736 confusione.
375 3686 546 3736 Potissimum
563 3701 626 3735 uero
646 3690 795 3750 scrupulum
813 3694 902 3736 moret
918 3703 967 3736 vox
984 3694 1089 3750 uterque,
1106 3703 1157 3751 qno
1180 3687 1278 3737 refera-

180 3773 240 3828 tnr;
258 3773 349 3828 utpote
360 3779 416 3830 quse
428 3781 533 3830 prorsus
546 3767 680 3816 abundare
692 3767 805 3827 ridetur,
817 3767 866 3815 uisi
879 3767 947 3830 quis,
960 3769 1057 3830 rejecto
1068 3767 1172 3817 nomine
1185 3768 1279 3826 Nemo,

179 3847 218 3895 ita
228 3845 285 3894 ltree
295 3845 373 3894 rerba
386 3845 555 3895 rescribendo
566 3845 726 3908 suspicetur:
747 3847 848 3908 Tantum
858 3845 966 3894 mirarer
972 3845 1023 3907 suit
1033 3851 1130 3908 aterque
1139 3862 1148 3895 .·
1158 3847 1199 3910 qui
1207 3845 1277 3908 odop-

180 3929 256 3985 tarot,
267 3930 316 3976 lom
324 3927 415 3990 paruit,
425 3943 494 3990 quom
510 3933 545 3984 tu,
556 3928 597 3990 qni
607 3927 766 3990 neoptolemo.
800 3927 854 3988 Ego
866 3926 933 3975 enim
948 3926 1034 3974 malim
1047 3926 1133 3988 legere
1143 3927 1278 3989 adeptum,

180 4007 237 4055 slve
248 4005 383 4068 adoptabat,
395 4021 482 4070 qnam,
496 4006 563 4070 quod
578 4004 667 4069 vulgo*
675 4020 826 4070 expressum
834 4014 885 4068 est,
895 4007 1032 4069 adoptaret:
1049 4009 1197 4069 propterea,
1208 4005 1277 4069 qnod

180 4087 273 4136 eodem
284 4087 408 4134 sermonis
420 4093 509 4136 tenore
521 4087 638 4151 seqnitur
649 4086 810 4150 odoptoloris.
842 4085 913 4136 Mira
925 4087 952 4134 in
964 4087 1002 4135 his
1015 4085 1101 4135 verbis
1119 4071 1291 4148 retegemus*

181 4165 291 4223 andacia
300 4166 349 4216 fuit
363 4167 462 4224 Belloi,
474 4169 516 4230 qul
533 4182 565 4216 ee
576 4168 615 4217 sio
629 4167 798 4216 rescribenda
808 4167 918 4216 stradetz
935 4165 1031 4215 Horum
1046 4181 1104 4230 opus
1114 4166 1164 4223 lter,
1180 4181 1278 4230 ormam

181 4247 274 4300 luten
291 4247 424 4311 imperium.
455 4249 536 4298 Nereo
554 4252 646 4298 tontum
664 4248 772 4299 minister
784 4245 857 4306 suit:
873 4247 914 4296 sed
932 4251 959 4296 ts
975 4260 1071 4310 qaoque·
1107 4245 1279 4310 UtemaeDir'e
