3112 4852
221 331 288 398 Ἀθ
587 347 619 394 c.
642 345 767 396 struit
790 345 957 396 saeuum

266 487 357 552 (itm
372 503 437 552 xe.
481 490 513 552 1.
538 488 677 553 Carcbit
699 509 799 553 onere
822 491 990 553 vicesimae
1019 505 1125 569 parva
1147 493 1190 551 'et
1216 488 1317 552 exilis

222 589 414 668 haereditas,
448 597 493 668 et,
525 591 555 654 si
578 592 627 654 ite
655 597 768 671 gratus
793 591 902 654 haeres
925 589 1031 662 velet,
1053 595 1127 652 tote
1149 590 1319 670 sepulcro,

226 697 298 754 tota
329 689 449 768 funeri,
476 691 609 756 serviet.
666 691 778 755 Nemo
805 693 1026 766 observator:
1051 709 1149 753 tremo
1174 693 1319 771 castiga·

225 801 279 856 tor
309 794 456 858 assistet.
515 790 726 877 Cuicumquel’
747 790 865 855 modico
886 792 1031 874 pecunia
1057 810 1102 854 ex
1127 791 1327 867 haereditate¹

682 966 695 984 0
698 965 785 984 ΙΨΙΜ
788 965 860 985 ΝΙΙΟ

258 1064 326 1113 Car·
337 1077 382 1114 xt..
400 1068 413 1113 1
431 1065 603 1122 ‘rocosum'
618 1065 715 1128 reniet]
739 1065 819 1129 Nihil,
830 1066 871 1114 vel
884 1065 909 1113 in
926 1065 1009 1114 verbis
1020 1065 1071 1125 bis,
1082 1067 1122 1114 vel
1140 1067 1165 1113 in
1184 1067 1320 1130 sententia,

222 1129 325 1189 existit,
335 1129 402 1193 quod
414 1130 525 1193 aliquam
537 1131 704 1178 mutationem
716 1131 813 1192 exigat.
846 1130 970 1179 Occurrit
982 1131 1104 1178 tamenin
1123 1131 1235 1192 antiquis
1248 1132 1319 1178 libris

243 1194 341 1242 uaedam
353 1193 473 1249 varicus,
484 1209 559 1259 quam
572 1209 622 1242 non
633 1195 752 1242 duximus
762 1195 979 1257 praetereundam.
1007 1194 1159 1258 Beroaldus,
1172 1196 1319 1250 Catanaeus,

252 1259 319 1319 ldtts,
329 1257 420 1314 Jttnte,
434 1259 608 1318 Plrilomusns,
625 1259 769 1313 Rhenanus,
781 1259 892 1323 Lipsius,
902 1259 1042 1316 Livineius,
1059 1260 1215 1320 Stephanus,
1227 1259 1322 1308 Grute-

226 1336 278 1380 rus,
290 1323 500 1383 Frisclrrnannns,
512 1323 679 1382 ldacltius‚de
697 1324 722 1371 la
739 1324 840 1385 Reque,
858 1323 961 1386 aliique,
979 1337 1025 1384 pro
1042 1323 1232 1381 verboserciet,
1250 1323 1322 1370 exbi-

225 1386 290 1434 bent
309 1392 423 1436 servetur.
457 1386 494 1436 At
509 1387 681 1442 Borbornius,
694 1388 792 1449 primus
811 1389 837 1436 in
854 1395 1004 1436 contextum
1018 1388 1145 1448 recepisse
1158 1387 1260 1435 videtur
1270 1401 1320 1434 ser-

225 1451 302 1506 oiet,·
330 1465 407 1513 quem
428 1449 512 1500 secuti
534 1461 603 1510 sunt,
625 1450 828 1508 Kircbruaierus,
849 1452 986 1511 cellarius,
1013 1450 1129 1498 Patarol.
1151 1451 1200 1499 Tlr.
1223 1451 1321 1499 Hearn.

225 1527 371 1576 quanquam
391 1517 439 1564 lroc
456 1517 524 1564 idenr
546 1516 650 1563 verbum
664 1516 721 1578 jam
738 1524 800 1566 state
823 1517 849 1563 iu
873 1515 986 1576 margine
1009 1517 1157 1563 annotarim
1180 1515 1321 1577 Grypblus,

226 1578 383 1641 Stephanus,
395 1580 485 1628 Claud.
496 1578 596 1638 Minoii,
608 1579 737 1641 Elsevirii,
748 1587 776 1629 et
788 1580 905 1629 Ririuus.
929 1580 1017 1628 Codex
1029 1593 1090 1627 cero
1102 1581 1166 1626 Msa.
1177 1579 1323 1641 Guelpher-

227 1641 348 1704 bytanus,
358 1643 471 1706 itemque
491 1643 577 1691 Issaei
589 1644 676 1692 Vossii
687 1650 714 1691 et
730 1643 809 1691 Gudii
823 1644 890 1699 libri,
903 1645 967 1691 banc
984 1643 1120 1691 lectionem
1140 1640 1270 1690 referiret:
1288 1650 1322 1705 et,

226 1707 249 1752 si
267 1706 303 1753 iic
316 1711 400 1765 gratim
417 1707 484 1756 lieres
500 1709 572 1768 colet,
588 1711 660 1754 totam
678 1709 791 1772 repulere,
802 1713 877 1757 totam
886 1708 979 1767 funeri,
990 1712 1074 1754 cunct.
1109 1707 1206 1756 Omnes
1218 1708 1257 1756 lrm
1269 1715 1322 1755 tres

227 1769 352 1818 lectiones
376 1770 497 1820 ridentur
515 1771 620 1832 babere,
639 1786 689 1834 qno
708 1787 736 1818 se
757 1781 887 1826 ttreantur,
914 1772 1108 1834 ambiguamque
1130 1771 1202 1819 nobis
1224 1771 1323 1820 faciant

227 1834 368 1897 optionem.
402 1835 494 1899 Neque
506 1835 591 1884 codex
603 1835 654 1882 Ms.
665 1834 829 1896 Parisiensis,
845 1850 928 1898 neque
945 1844 1043 1894 noster,
1053 1835 1186 1896 explicant
1201 1835 1304 1884 dubium
1316 1851 1324 1893 ;

228 1912 286 1947 eura
297 1899 325 1946 in
336 1906 446 1963 utroque
458 1913 594 1962 perperam
606 1899 729 1960 seriptum
740 1901 784 1961 sit,
799 1905 832 1958 et,
848 1902 871 1949 ri
886 1900 922 1948 ilc
931 1903 1016 1960 gratus
1026 1900 1093 1948 lieres
1102 1901 1172 1959 colet,
1188 1904 1239 1947 toto
1248 1901 1323 1962 sepul-

226 1975 275 2022 cro,
287 1962 530 2021 totesurreri,sercst.
564 1962 626 2012 Peri
646 1965 712 2010 eninr
733 1965 832 2012 ratione
850 1964 962 2025 haesites,
981 1970 1065 2010 utrum
1082 1963 1123 2010 liic
1134 1969 1219 2023 servet,
1230 1965 1325 2012 omissa

228 2027 306 2074 litera
321 2027 340 2088 i,
358 2042 404 2088 pro
420 2029 523 2086 sewict;
540 2041 584 2086 an,
603 2027 739 2076 decurtata
756 2028 844 2075 ultima
863 2028 970 2088 syllaba,
995 2041 1041 2088 pro
1059 2030 1165 2074 servetur
1184 2028 1325 2088 repositum

228 2092 282 2148 sit3
299 2104 331 2138 an
349 2089 459 2156 denique
479 2091 506 2140 in
525 2090 656 2154 adjectivo
673 2095 733 2145 toto,
751 2094 922 2155 praetermissa
935 2091 1014 2138 ruent
1027 2091 1118 2138 ultima
1136 2090 1211 2139 litera
1229 2107 1262 2153 m,
1280 2100 1325 2139 aut

227 2154 303 2215 bqjus
325 2154 407 2203 literae
429 2157 539 2217 signnm.
583 2153 696 2203 Verbum
717 2157 813 2215 amici,
834 2155 933 2203 ratione
953 2156 1087 2216 temporis,
1105 2155 1186 2216 magis
1206 2157 1326 2216 congruit

228 2231 287 2266 cum
308 2218 389 2278 primo
407 2219 483 2281 hujus
502 2219 602 2281 periodi
619 2219 706 2277 verbo,
724 2218 829 2267 carebit:
853 2226 879 2266 at
899 2219 1004 2267 verbnm
1016 2223 1093 2266 seruet
1110 2219 1192 2278 possit
1212 2217 1325 2268 fortasse

140 2329 151 2342 ‚
230 2282 398 2342 sequentibus
410 2283 559 2330 conciliari:
577 2281 669 2336 babeat,
677 2296 816 2344 securusque
827 2283 954 2344 possideat.
987 2281 1136 2344 Utcumque
1151 2290 1200 2341 ert,
1213 2283 1325 2335 nondum

229 2347 293 2393 satia
314 2346 420 2394 rationis
435 2346 662 2408 deprehendimus,
678 2360 724 2395 cur
742 2347 848 2393 verbum
866 2347 952 2394 seruiet
971 2346 1188 2394 exterminemur!
1206 2347 1326 2396 Scitcorz.

227 2411 235 2436 ‘
249 2411 352 2458 Veneta
360 2411 413 2472 jatn
425 2415 540 2460 serecturt
573 2409 686 2457 Perinde
698 2416 724 2458 et
738 2410 799 2457 mibi
818 2416 867 2464 est,
879 2409 947 2472 quod
961 2410 1051 2471 eligas,
1064 2411 1175 2472 interim,
1186 2409 1229 2474 qui
1239 2412 1326 2460 sarriet

230 2473 256 2522 itr
270 2475 320 2523 Ma.
330 2474 405 2534 vidit,
418 2475 544 2523 neminem
554 2473 648 2536 reperi.
669 2473 808 2522 Sicbardus
818 2474 916 2536 primns
932 2475 1039 2536 margini
1051 2475 1180 2537 apposuit.
1215 2473 1326 2524 Servetur

228 2539 308 2599 igitur
319 2551 373 2600 prae
385 2540 481 2588 ceteris
491 2540 586 2601 placet,
597 2551 655 2586 cnm
673 2538 706 2586 ob
722 2538 904 2601 antiquitatem
918 2539 1031 2600 priornnr
1044 2539 1155 2586 omnium
1175 2537 1326 2602 editionum,

230 2611 285 2650 turn
304 2603 372 2666 qaod
388 2605 475 2652 serviet
491 2610 518 2651 et
534 2607 611 2651 seruet
633 2609 717 2649 ortttm
734 2602 855 2651 videatur
872 2617 905 2650 ex
923 2616 972 2649 nott
990 2601 1170 2649 animadverso
1187 2602 1347 2663 scripture*

230 2666 393 2727 compendio,
406 2682 456 2730 quo
474 2682 504 2716 ur
519 2665 545 2714 in
561 2665 612 2722 stne
627 2665 756 2727 designari
767 2667 870 2720 soleret,
885 2665 953 2728 quod
966 2664 1063 2714 facturn
1078 2663 1188 2713 millies.'
1205 2665 1327 2717 Scbtccrz,

228 2731 413 2793 ‘Cuiuscunque
429 2732 492 2779 modi
508 2746 535 2779 ee
551 2731 650 2792 pecnnia
668 2745 699 2778 ex
713 2730 851 2778 hereditate
865 2729 966 2790 elicteins
979 2729 1107 2789 obvenerit,
1121 2743 1216 2777 securus
1231 2729 1326 2793 lrabeat,

230 2795 365 2856 qu'etttsquc
373 2796 504 2857 possideat]
517 2793 562 2842 Ita
572 2795 707 2856 evulgatus
719 2801 759 2841 est
769 2795 812 2841 lric
824 2795 892 2841 locus
905 2809 920 2841 a
932 2793 1021 2855 primis
1033 2792 1184 2849 editoribus,
1197 2793 1326 2855 pluribus-

229 2873 280 2922 que
297 2859 471 2921 sequentibus.
504 2858 636 2906 Livineius
648 2864 675 2905 et
687 2858 791 2918 Lipsius
810 2858 835 2904 iu
854 2857 1005 2919 quibusdam
1018 2857 1089 2906 libris
1106 2862 1259 2919 repererant
1278 2860 1326 2906 Cu·

223 2922 354 2983 jusumque
364 2922 454 2969 modico
461 2922 576 2984 peccarim
593 2934 669 2983 quarn
681 2920 906 2968 lectionemiidem
920 2920 1076 2980 probabant,
1088 2922 1123 2969 ita
1136 2921 1247 2984 quidem,
1260 2928 1288 2970 ut
1299 2930 1327 2970 et

231 3001 278 3046 pro
291 2987 464 3048 subsequente
476 2997 550 3040 voce,
560 2983 668 3044 alicujus,
679 2983 872 3032 rescribendum
883 2985 1030 3032 censuerint
1041 2985 1121 3034 alicui.
1148 2986 1214 3036 Quae
1226 3000 1325 3033 correc-

230 3050 267 3097 tio
279 3049 304 3097 in
316 3063 378 3097 vore
390 3050 463 3097 alicui
479 3049 557 3097 etiarn
570 3048 668 3110 placuit
681 3047 868 3107 Rittetsbusio;
888 3049 935 3096 uisi
956 3047 1024 3112 qnod
1045 3050 1086 3097 lrie
1105 3064 1152 3110 pro
1172 3049 1326 3111 cujuscunque

229 3113 301 3173 modi,
321 3115 442 3162 maluerit
461 3127 586 3175 reponere
608 3112 785 3174 cujusquemodi.
819 3113 871 3160 Sed
889 3112 945 3160 sine
963 3113 1044 3162 dubio
1061 3113 1332 3168 regeretinerent,

230 3192 326 3238 eumque
337 3179 427 3227 modbe
435 3178 534 3241 pecunie
545 3192 576 3225 cx
584 3176 724 3224 hereditate
733 3177 833 3236 alicujus
842 3176 969 3232 obuenerit,
980 3191 1075 3224 securus
1085 3177 1179 3234 babeat,
1190 3177 1327 3239 quietusque

228 3243 357 3302 possideat.
389 3243 550 3291 Vocabulum
567 3242 667 3302 modico,
686 3255 732 3302 pro
749 3255 800 3304 qno
821 3242 886 3288 tnale
904 3241 1030 3301 scriptum
1048 3239 1133 3288 fuerat
1145 3241 1255 3302 modico,
1268 3241 1326 3302 jatn

230 3305 347 3353 Liuineio
358 3313 385 3353 et
398 3307 494 3368 Lipsio,
506 3311 582 3366 prout
593 3305 670 3352 rnodo
680 3305 798 3364 diximus,
809 3305 922 3366 placuit3
940 3305 1017 3367 idque
1028 3304 1156 3352 Gruterus
1168 3318 1198 3351 ae
1210 3305 1327 3353 Patarol.

231 3374 303 3416 recte
317 3370 443 3416 admisere
452 3371 476 3416 in
489 3377 639 3416 contextum
654 3369 793 3416 orationis:
812 3381 869 3415 curn
881 3367 907 3416 id
920 3382 987 3416 ntrne
1000 3383 1013 3415 e
1025 3370 1154 3430 scriptura
1165 3368 1262 3416 codicia
1274 3369 1326 3418 Ms,

230 3433 455 3494 Guelphetbytani
467 3432 619 3480 confirmare
632 3433 768 3493 possimus.
798 3431 829 3479 In
843 3446 906 3479 voce
916 3432 1016 3493 alteque
1027 3433 1088 3480 nibil
1100 3432 1259 3495 nuttendum,
1267 3447 1325 3480 cnut

231 3497 315 3543 locunt
334 3504 407 3544 recte
426 3496 553 3555 obtineat,
564 3502 591 3543 et
601 3497 712 3544 omnium
724 3496 847 3543 librorum
859 3493 980 3557 suffragio
993 3497 1138 3557 adjuvetur.
1171 3497 1230 3544 Sola
1242 3497 1327 3557 prima

230 3574 291 3612 vox,
301 3562 445 3622 cuicumque,
454 3559 513 3607 huic
527 3559 633 3622 periodo
649 3574 681 3607 ex
700 3560 920 3621 correctionejam
933 3566 974 3608 cst
985 3561 1142 3608 restituenda
1153 3577 1160 3618 ;
1178 3573 1235 3607 eunt
1247 3559 1325 3608 tacite

232 3631 367 3685 appareat.
385 3637 431 3672 cnr
447 3639 479 3672 ea
489 3625 515 3672 in
525 3622 554 3672 rb
564 3623 725 3685 cujuscumque
736 3623 920 3684 degeneravit:
939 3638 1031 3686 nenrpe
1050 3632 1157 3686 propter
1168 3624 1326 3687 subsequen·

231 3697 271 3738 tes
285 3688 377 3737 vitiose
388 3689 496 3753 scriptas
508 3701 594 3751 voces,
610 3689 674 3736 modi
690 3703 732 3737 ecs
758 3689 803 3738 Sic
816 3703 875 3736 vero
887 3701 920 3736 ex
933 3687 983 3738 hac
994 3687 1184 3742 emendations,
1196 3702 1255 3751 quae
1269 3702 1325 3736 vea-

725 3849 833 3900 ΝΟΜ

262 3969 275 3996 ⁸
292 3956 447 4028 obseruator]
470 3964 555 4013 Nemo
571 3964 614 4028 qui
631 3964 757 4026 principis
795 3963 852 4012 sive
862 3961 1016 4010 domesticus
1027 3961 1070 4022 sit,
1081 3962 1136 4008 sive
1147 3960 1325 4016 extraneusis,

228 4037 333 4088 tremine
344 4045 443 4087 sumtus
457 4039 587 4101 observet,
593 4039 757 4104 judicetque,
796 4053 812 4086 a
824 4052 874 4102 quo
886 4037 981 4100 obtigit
992 4036 1140 4096 hereditas,
1158 4035 1233 4086 ruodo
1250 4044 1278 4085 ut
1293 4050 1325 4084 ea

228 4127 263 4164 sn
276 4113 398 4162 vicesima
411 4114 460 4162 rite
471 4112 533 4162 data
543 4113 586 4162 ait.
796 4115 873 4162 exilis
891 4115 933 4165 sit.
968 4113 1019 4164 Pto
1030 4113 1131 4172 clicerius
1144 4113 1248 4176 Lipsius
1261 4113 1326 4174 legit

263 4185 275 4219 ὓ
293 4188 433 4252 Cuicumque
454 4188 640 4254 [eremumque]
659 4187 690 4237 ld
708 4196 758 4249 est,
794 4191 878 4246 elicui,
