<?xml version="1.0" encoding="UTF-8"?>
<!DOCTYPE html PUBLIC "-//W3C//DTD XHTML 1.0 Transitional//EN"
    "http://www.w3.org/TR/xhtml1/DTD/xhtml1-transitional.dtd">
<html xmlns="http://www.w3.org/1999/xhtml" xml:lang="en" lang="en">
 <head>
  <title>
</title>
<meta http-equiv="Content-Type" content="text/html;charset=utf-8" />
  <meta name='ocr-system' content='tesseract 3.04.00' />
  <meta name='ocr-capabilities' content='ocr_page ocr_carea ocr_par ocr_line ocrx_word'/>
</head>
<body>
  <div class='ocr_page' id='page_1' title='image "./panegyriciveter02baungoog_0207.png"; bbox 0 0 3112 4852; ppageno 0'>
   <div class='ocr_carea' id='block_1_1' title="bbox 229 373 966 439">
    <p class='ocr_par' dir='ltr' id='par_1_1' title="bbox 229 373 966 439">
     <span class='ocr_line' id='line_1_1' title="bbox 229 373 966 439; baseline -0.011 -2"><span class='ocrx_word' id='word_1_1' title='bbox 229 373 294 439; x_wconf 88' lang='lat'><strong>198</strong></span> <span class='ocrx_word' id='word_1_2' title='bbox 594 384 626 432; x_wconf 90' lang='lat' dir='ltr'><strong>c.</strong></span> <span class='ocrx_word' id='word_1_3' title='bbox 649 381 773 432; x_wconf 83' lang='lat' dir='ltr'><strong>ruruu</strong></span> <span class='ocrx_word' id='word_1_4' title='bbox 799 381 966 432; x_wconf 82' lang='lat' dir='ltr'><strong>secuunr</strong></span> 
     </span>
    </p>
   </div>
   <div class='ocr_carea' id='block_1_2' title="bbox 229 523 1332 1524">
    <p class='ocr_par' dir='ltr' id='par_1_2' title="bbox 229 523 1330 1013">
     <span class='ocr_line' id='line_1_2' title="bbox 230 523 1327 611; baseline -0.003 -20"><span class='ocrx_word' id='word_1_5' title='bbox 230 528 410 611; x_wconf 89' lang='lat' dir='ltr'><strong>principes,</strong></span> <span class='ocrx_word' id='word_1_6' title='bbox 438 527 573 594; x_wconf 78' lang='lat' dir='ltr'><strong>fastidio</strong></span> <span class='ocrx_word' id='word_1_7' title='bbox 600 529 718 605; x_wconf 83' lang='lat' dir='ltr'><strong>nostri,</strong></span> <span class='ocrx_word' id='word_1_8' title='bbox 746 533 781 592; x_wconf 88' lang='lat' dir='ltr'><strong>et</strong></span> <span class='ocrx_word' id='word_1_9' title='bbox 811 526 957 610; x_wconf 90' lang='lat' dir='ltr'><strong>quodam</strong></span> <span class='ocrx_word' id='word_1_10' title='bbox 989 523 1191 606; x_wconf 76' lang='lat' dir='ltr'><strong>aequalitatis</strong></span> <span class='ocrx_word' id='word_1_11' title='bbox 1225 532 1327 598; x_wconf 85' lang='lat' dir='ltr'><strong>metu,</strong></span> 
     </span>
     <span class='ocr_line' id='line_1_3' title="bbox 229 625 1327 712; baseline -0.004 -20"><span class='ocrx_word' id='word_1_12' title='bbox 229 649 327 694; x_wconf 90' lang='lat' dir='ltr'><strong>usum</strong></span> <span class='ocrx_word' id='word_1_13' title='bbox 342 630 465 712; x_wconf 88' lang='lat' dir='ltr'><strong>pedum</strong></span> <span class='ocrx_word' id='word_1_14' title='bbox 476 626 681 693; x_wconf 77' lang='lat' dir='ltr'><strong>amiseranth</strong></span> <span class='ocrx_word' id='word_1_15' title='bbox 702 628 788 692; x_wconf 89' lang='lat' dir='ltr'><strong>Illos</strong></span> <span class='ocrx_word' id='word_1_16' title='bbox 803 646 881 709; x_wconf 87' lang='lat' dir='ltr'><strong>ergo</strong></span> <span class='ocrx_word' id='word_1_17' title='bbox 893 626 1021 690; x_wconf 91' lang='lat' dir='ltr'><strong>humeri</strong></span> <span class='ocrx_word' id='word_1_18' title='bbox 1035 625 1251 707; x_wconf 82' lang='lat' dir='ltr'><strong>cervicesque</strong></span> <span class='ocrx_word' id='word_1_19' title='bbox 1262 646 1327 688; x_wconf 88' lang='lat' dir='ltr'><strong>ser-</strong></span> 
     </span>
     <span class='ocr_line' id='line_1_4' title="bbox 229 726 1330 815; baseline -0.005 -20"><span class='ocrx_word' id='word_1_20' title='bbox 229 749 343 795; x_wconf 85' lang='lat' dir='ltr'><strong>vornm</strong></span> <span class='ocrx_word' id='word_1_21' title='bbox 359 751 459 815; x_wconf 86' lang='lat' dir='ltr'><strong>super</strong></span> <span class='ocrx_word' id='word_1_22' title='bbox 478 750 537 795; x_wconf 88' lang='lat' dir='ltr'><strong>ora</strong></span> <span class='ocrx_word' id='word_1_23' title='bbox 553 739 690 794; x_wconf 87' lang='lat' dir='ltr'><strong>nostra:</strong></span> <span class='ocrx_word' id='word_1_24' title='bbox 714 735 745 792; x_wconf 91' lang='lat' dir='ltr'><strong>te</strong></span> <span class='ocrx_word' id='word_1_25' title='bbox 762 729 864 804; x_wconf 88' lang='lat' dir='ltr'><strong>fama,</strong></span> <span class='ocrx_word' id='word_1_26' title='bbox 882 735 915 792; x_wconf 89' lang='lat' dir='ltr'><strong>te</strong></span> <span class='ocrx_word' id='word_1_27' title='bbox 934 726 1053 809; x_wconf 85' lang='lat' dir='ltr'><strong>gloria,</strong></span> <span class='ocrx_word' id='word_1_28' title='bbox 1069 735 1103 791; x_wconf 90' lang='lat' dir='ltr'><strong>te</strong></span> <span class='ocrx_word' id='word_1_29' title='bbox 1120 727 1244 789; x_wconf 90' lang='lat' dir='ltr'><strong>civium</strong></span> <span class='ocrx_word' id='word_1_30' title='bbox 1259 729 1330 809; x_wconf 87' lang='lat' dir='ltr'><strong>pie-</strong></span> 
     </span>
     <span class='ocr_line' id='line_1_5' title="bbox 230 827 1330 914; baseline -0.003 -19"><span class='ocrx_word' id='word_1_31' title='bbox 230 840 295 908; x_wconf 89' lang='lat' dir='ltr'><strong>tas,</strong></span> <span class='ocrx_word' id='word_1_32' title='bbox 312 841 344 896; x_wconf 93' lang='lat' dir='ltr'><strong>te</strong></span> <span class='ocrx_word' id='word_1_33' title='bbox 365 831 514 910; x_wconf 90' lang='lat' dir='ltr'><strong>libertas,</strong></span> <span class='ocrx_word' id='word_1_34' title='bbox 530 850 631 914; x_wconf 89' lang='lat' dir='ltr'><strong>super</strong></span> <span class='ocrx_word' id='word_1_35' title='bbox 647 832 743 913; x_wconf 91' lang='lat' dir='ltr'><strong>ipsos</strong></span> <span class='ocrx_word' id='word_1_36' title='bbox 758 831 930 913; x_wconf 85' lang='lat' dir='ltr'><strong>principes</strong></span> <span class='ocrx_word' id='word_1_37' title='bbox 949 829 1090 907; x_wconf 82' lang='lat' dir='ltr'><strong>vehunt3</strong></span> <span class='ocrx_word' id='word_1_38' title='bbox 1114 833 1145 891; x_wconf 92' lang='lat' dir='ltr'><strong>te</strong></span> <span class='ocrx_word' id='word_1_39' title='bbox 1160 829 1202 890; x_wconf 87' lang='lat' dir='ltr'><strong>ad</strong></span> <span class='ocrx_word' id='word_1_40' title='bbox 1218 827 1330 892; x_wconf 86' lang='lat' dir='ltr'><strong>sidera</strong></span> 
     </span>
     <span class='ocr_line' id='line_1_6' title="bbox 230 928 1330 1013; baseline -0.005 -17"><span class='ocrx_word' id='word_1_41' title='bbox 230 935 317 999; x_wconf 91' lang='lat' dir='ltr'><strong>tollit</strong></span> <span class='ocrx_word' id='word_1_42' title='bbox 337 931 474 998; x_wconf 68' lang='lat' dir='ltr'><strong>humus¹</strong></span> <span class='ocrx_word' id='word_1_43' title='bbox 495 935 562 998; x_wconf 88' lang='lat' dir='ltr'><strong>ista</strong></span> <span class='ocrx_word' id='word_1_44' title='bbox 577 933 775 1009; x_wconf 87' lang='lat' dir='ltr'><strong>communis,</strong></span> <span class='ocrx_word' id='word_1_45' title='bbox 794 939 828 994; x_wconf 91' lang='lat' dir='ltr'><strong>et</strong></span> <span class='ocrx_word' id='word_1_46' title='bbox 844 931 985 995; x_wconf 84' lang='lat' dir='ltr'><strong>confusa</strong></span> <span class='ocrx_word' id='word_1_47' title='bbox 1000 928 1161 1013; x_wconf 90' lang='lat' dir='ltr'><strong>principis</strong></span> <span class='ocrx_word' id='word_1_48' title='bbox 1176 930 1330 1010; x_wconf 88' lang='lat' dir='ltr'><strong>vestigia.</strong></span> 
     </span>
    </p>

    <p class='ocr_par' dir='ltr' id='par_1_3' title="bbox 231 1030 1332 1524">
     <span class='ocr_line' id='line_1_7' title="bbox 273 1030 1330 1113; baseline -0.005 -14"><span class='ocrx_word' id='word_1_49' title='bbox 273 1035 364 1100; x_wconf 76' lang='lat' dir='ltr'><strong>Cae.</strong></span> <span class='ocrx_word' id='word_1_50' title='bbox 388 1051 486 1098; x_wconf 85' lang='lat' dir='ltr'><strong>xxv.</strong></span> <span class='ocrx_word' id='word_1_51' title='bbox 529 1036 560 1099; x_wconf 92' lang='lat' dir='ltr'><strong>l.</strong></span> <span class='ocrx_word' id='word_1_52' title='bbox 585 1033 660 1098; x_wconf 89' lang='lat' dir='ltr'><strong>Nec</strong></span> <span class='ocrx_word' id='word_1_53' title='bbox 688 1031 821 1104; x_wconf 78' lang='lat' dir='ltr'><strong>vercor,J</strong></span> <span class='ocrx_word' id='word_1_54' title='bbox 852 1033 892 1096; x_wconf 89' lang='lat' dir='ltr'><strong>P.</strong></span> <span class='ocrx_word' id='word_1_55' title='bbox 915 1032 955 1096; x_wconf 85' lang='lat'><strong>0.</strong></span> <span class='ocrx_word' id='word_1_56' title='bbox 985 1052 1026 1095; x_wconf 91' lang='lat' dir='ltr'><strong>ne</strong></span> <span class='ocrx_word' id='word_1_57' title='bbox 1045 1031 1177 1113; x_wconf 82' lang='lat' dir='ltr'><strong>longior</strong></span> <span class='ocrx_word' id='word_1_58' title='bbox 1205 1030 1330 1108; x_wconf 87' lang='lat' dir='ltr'><strong>ridear,</strong></span> 
     </span>
     <span class='ocr_line' id='line_1_8' title="bbox 231 1134 1329 1218; baseline -0.006 -18"><span class='ocrx_word' id='word_1_59' title='bbox 231 1157 307 1201; x_wconf 89' lang='lat' dir='ltr'><strong>cum</strong></span> <span class='ocrx_word' id='word_1_60' title='bbox 322 1137 366 1202; x_wconf 93' lang='lat' dir='ltr'><strong>sit</strong></span> <span class='ocrx_word' id='word_1_61' title='bbox 380 1139 528 1201; x_wconf 82' lang='lat' dir='ltr'><strong>maxime</strong></span> <span class='ocrx_word' id='word_1_62' title='bbox 543 1135 737 1218; x_wconf 90' lang='lat' dir='ltr'><strong>optandum,</strong></span> <span class='ocrx_word' id='word_1_63' title='bbox 752 1143 854 1212; x_wconf 88' lang='lat' dir='ltr'><strong>ntea,</strong></span> <span class='ocrx_word' id='word_1_64' title='bbox 870 1155 932 1217; x_wconf 88' lang='lat' dir='ltr'><strong>pro</strong></span> <span class='ocrx_word' id='word_1_65' title='bbox 952 1134 1073 1217; x_wconf 91' lang='lat' dir='ltr'><strong>quibus</strong></span> <span class='ocrx_word' id='word_1_66' title='bbox 1089 1136 1229 1213; x_wconf 83' lang='lat' dir='ltr'><strong>aguntur</strong></span> <span class='ocrx_word' id='word_1_67' title='bbox 1242 1135 1329 1214; x_wconf 89' lang='lat' dir='ltr'><strong>prin-</strong></span> 
     </span>
     <span class='ocr_line' id='line_1_9' title="bbox 232 1234 1332 1322; baseline -0.004 -20"><span class='ocrx_word' id='word_1_68' title='bbox 232 1240 303 1322; x_wconf 88' lang='lat' dir='ltr'><strong>cipi</strong></span> <span class='ocrx_word' id='word_1_69' title='bbox 333 1241 461 1321; x_wconf 85' lang='lat' dir='ltr'><strong>gratiae,</strong></span> <span class='ocrx_word' id='word_1_70' title='bbox 484 1237 591 1302; x_wconf 89' lang='lat' dir='ltr'><strong>multa</strong></span> <span class='ocrx_word' id='word_1_71' title='bbox 615 1237 704 1300; x_wconf 90' lang='lat' dir='ltr'><strong>sint:</strong></span> <span class='ocrx_word' id='word_1_72' title='bbox 739 1257 818 1320; x_wconf 89' lang='lat' dir='ltr'><strong>quae</strong></span> <span class='ocrx_word' id='word_1_73' title='bbox 849 1237 984 1320; x_wconf 90' lang='lat' dir='ltr'><strong>quidem</strong></span> <span class='ocrx_word' id='word_1_74' title='bbox 1007 1235 1212 1298; x_wconf 88' lang='lat' dir='ltr'><strong>reverentius</strong></span> <span class='ocrx_word' id='word_1_75' title='bbox 1234 1234 1332 1298; x_wconf 83' lang='lat' dir='ltr'><strong>inerit</strong></span> 
     </span>
     <span class='ocr_line' id='line_1_10' title="bbox 231 1336 1331 1422; baseline -0.006 -19"><span class='ocrx_word' id='word_1_76' title='bbox 231 1341 360 1420; x_wconf 86' lang='lat' dir='ltr'><strong>integra</strong></span> <span class='ocrx_word' id='word_1_77' title='bbox 386 1341 583 1422; x_wconf 89' lang='lat' dir='ltr'><strong>illibataque</strong></span> <span class='ocrx_word' id='word_1_78' title='bbox 609 1339 868 1420; x_wconf 83' lang='lat' dir='ltr'><strong>cogitationibus</strong></span> <span class='ocrx_word' id='word_1_79' title='bbox 889 1339 1012 1401; x_wconf 84' lang='lat' dir='ltr'><strong>vestris</strong></span> <span class='ocrx_word' id='word_1_80' title='bbox 1032 1336 1207 1410; x_wconf 87' lang='lat' dir='ltr'><strong>reservari,</strong></span> <span class='ocrx_word' id='word_1_81' title='bbox 1229 1355 1331 1417; x_wconf 90' lang='lat' dir='ltr'><strong>quam</strong></span> 
     </span>
     <span class='ocr_line' id='line_1_11' title="bbox 232 1427 1332 1524; baseline -0.005 -19"><span class='ocrx_word' id='word_1_82' title='bbox 232 1443 371 1523; x_wconf 90' lang='lat' dir='ltr'><strong>carptim</strong></span> <span class='ocrx_word' id='word_1_83' title='bbox 386 1443 595 1524; x_wconf 87' lang='lat' dir='ltr'><strong>breviterque</strong></span> <span class='ocrx_word' id='word_1_84' title='bbox 617 1440 791 1523; x_wconf 84' lang='lat' dir='ltr'><strong>perstringi</strong></span> <span class='ocrx_word' id='word_1_85' title='bbox 805 1451 836 1501; x_wconf 80' lang='lat'><strong>:⁴</strong></span> <span class='ocrx_word' id='word_1_86' title='bbox 857 1440 940 1522; x_wconf 88' lang='lat' dir='ltr'><strong>qnia</strong></span> <span class='ocrx_word' id='word_1_87' title='bbox 962 1438 1030 1502; x_wconf 86' lang='lat' dir='ltr'><strong>sere</strong></span> <span class='ocrx_word' id='word_1_88' title='bbox 1046 1427 1209 1519; x_wconf 84' lang='lat' dir='ltr'><strong>sequitur,¹</strong></span> <span class='ocrx_word' id='word_1_89' title='bbox 1222 1449 1260 1500; x_wconf 90' lang='lat' dir='ltr'><strong>ut</strong></span> <span class='ocrx_word' id='word_1_90' title='bbox 1274 1436 1332 1499; x_wconf 88' lang='lat' dir='ltr'><strong>illa</strong></span> 
     </span>
    </p>
   </div>
   <div class='ocr_carea' id='block_1_3' title="bbox 265 1587 708 1652">
    <p class='ocr_par' dir='ltr' id='par_1_4' title="bbox 265 1587 708 1652">
     <span class='ocr_line' id='line_1_12' title="bbox 265 1587 708 1652; baseline -0.011 -13"><span class='ocrx_word' id='word_1_91' title='bbox 265 1597 278 1622; x_wconf 79' lang='lat'><em>⁰</em></span> <span class='ocrx_word' id='word_1_92' title='bbox 295 1589 395 1639; x_wconf 76' lang='lat' dir='ltr'><strong>Leviter</strong></span> <span class='ocrx_word' id='word_1_93' title='bbox 404 1589 585 1652; x_wconf 77' lang='lat' dir='ltr'><strong>summatimque</strong></span> <span class='ocrx_word' id='word_1_94' title='bbox 596 1587 708 1637; x_wconf 76' lang='lat' dir='ltr'><strong>delibare.</strong></span> 
     </span>
    </p>
   </div>
   <div class='ocr_carea' id='block_1_4' title="bbox 218 1812 1338 3228">
    <p class='ocr_par' dir='ltr' id='par_1_5' title="bbox 218 1812 1338 3099">
     <span class='ocr_line' id='line_1_13' title="bbox 233 1812 1334 1877; baseline -0.001 -13"><span class='ocrx_word' id='word_1_95' title='bbox 233 1813 302 1864; x_wconf 86' lang='lat' dir='ltr'><strong>Vide</strong></span> <span class='ocrx_word' id='word_1_96' title='bbox 314 1813 401 1862; x_wconf 86' lang='lat' dir='ltr'><strong>Bentl.</strong></span> <span class='ocrx_word' id='word_1_97' title='bbox 420 1812 452 1860; x_wconf 86' lang='lat' dir='ltr'><strong>ad</strong></span> <span class='ocrx_word' id='word_1_98' title='bbox 470 1814 576 1862; x_wconf 81' lang='lat' dir='ltr'><strong>Terent.</strong></span> <span class='ocrx_word' id='word_1_99' title='bbox 595 1812 678 1863; x_wconf 80' lang='lat' dir='ltr'><strong>Andr.</strong></span> <span class='ocrx_word' id='word_1_100' title='bbox 696 1828 723 1862; x_wconf 85' lang='lat' dir='ltr'><strong>v.</strong></span> <span class='ocrx_word' id='word_1_101' title='bbox 735 1817 759 1864; x_wconf 88' lang='lat' dir='ltr'><strong>l.</strong></span> <span class='ocrx_word' id='word_1_102' title='bbox 770 1818 812 1862; x_wconf 71' lang='lat'><strong>2⁰.</strong></span> <span class='ocrx_word' id='word_1_103' title='bbox 829 1829 897 1862; x_wconf 84' lang='lat' dir='ltr'><strong>asum</strong></span> <span class='ocrx_word' id='word_1_104' title='bbox 914 1816 999 1877; x_wconf 74' lang='lat' dir='ltr'><strong>pedum</strong></span> <span class='ocrx_word' id='word_1_105' title='bbox 1016 1813 1147 1863; x_wconf 66' lang='lat' dir='ltr'><strong>amoenae</strong></span> <span class='ocrx_word' id='word_1_106' title='bbox 1162 1813 1220 1864; x_wconf 86' lang='lat' dir='ltr'><strong>cod.</strong></span> <span class='ocrx_word' id='word_1_107' title='bbox 1238 1815 1334 1864; x_wconf 81' lang='lat' dir='ltr'><strong>Pater.</strong></span> 
     </span>
     <span class='ocr_line' id='line_1_14' title="bbox 233 1878 1334 1942; baseline -0.001 -13"><span class='ocrx_word' id='word_1_108' title='bbox 233 1881 284 1929; x_wconf 80' lang='lat' dir='ltr'><strong>fle</strong></span> <span class='ocrx_word' id='word_1_109' title='bbox 295 1879 353 1928; x_wconf 82' lang='lat' dir='ltr'><strong>tluae</strong></span> <span class='ocrx_word' id='word_1_110' title='bbox 367 1893 453 1938; x_wconf 84' lang='lat' dir='ltr'><strong>voces,</strong></span> <span class='ocrx_word' id='word_1_111' title='bbox 464 1884 489 1926; x_wconf 89' lang='lat' dir='ltr'><strong>te</strong></span> <span class='ocrx_word' id='word_1_112' title='bbox 499 1878 607 1938; x_wconf 76' lang='lat' dir='ltr'><strong>libertas,</strong></span> <span class='ocrx_word' id='word_1_113' title='bbox 617 1893 668 1927; x_wconf 89' lang='lat' dir='ltr'><strong>non</strong></span> <span class='ocrx_word' id='word_1_114' title='bbox 677 1879 800 1942; x_wconf 79' lang='lat' dir='ltr'><strong>leguntur</strong></span> <span class='ocrx_word' id='word_1_115' title='bbox 811 1879 836 1926; x_wconf 91' lang='lat' dir='ltr'><strong>in</strong></span> <span class='ocrx_word' id='word_1_116' title='bbox 847 1879 924 1927; x_wconf 90' lang='lat' dir='ltr'><strong>codd.</strong></span> <span class='ocrx_word' id='word_1_117' title='bbox 936 1879 1030 1928; x_wconf 86' lang='lat' dir='ltr'><strong>Patav.</strong></span> <span class='ocrx_word' id='word_1_118' title='bbox 1039 1886 1067 1926; x_wconf 91' lang='lat' dir='ltr'><strong>et</strong></span> <span class='ocrx_word' id='word_1_119' title='bbox 1077 1879 1154 1926; x_wconf 75' lang='lat' dir='ltr'><strong>Voss.</strong></span> <span class='ocrx_word' id='word_1_120' title='bbox 1166 1880 1226 1926; x_wconf 86' lang='lat' dir='ltr'><strong>item</strong></span> <span class='ocrx_word' id='word_1_121' title='bbox 1238 1880 1262 1926; x_wconf 92' lang='lat' dir='ltr'><strong>in</strong></span> <span class='ocrx_word' id='word_1_122' title='bbox 1272 1879 1334 1928; x_wconf 90' lang='lat' dir='ltr'><strong>edd.</strong></span> 
     </span>
     <span class='ocr_line' id='line_1_15' title="bbox 218 1937 1335 1994; baseline -0.001 0"><span class='ocrx_word' id='word_1_123' title='bbox 218 1937 421 1994; x_wconf 65' lang='lat' dir='ltr'><strong>‘terrentius</strong></span> <span class='ocrx_word' id='word_1_124' title='bbox 439 1943 534 1991; x_wconf 86' lang='lat' dir='ltr'><strong>Vener.</strong></span> <span class='ocrx_word' id='word_1_125' title='bbox 547 1947 620 1992; x_wconf 79' lang='lat'><strong>1498.</strong></span> <span class='ocrx_word' id='word_1_126' title='bbox 635 1943 757 1993; x_wconf 86' lang='lat' dir='ltr'><strong>Beroald.</strong></span> <span class='ocrx_word' id='word_1_127' title='bbox 775 1944 868 1992; x_wconf 77' lang='lat' dir='ltr'><strong>Catari.</strong></span> <span class='ocrx_word' id='word_1_128' title='bbox 886 1943 946 1993; x_wconf 81' lang='lat' dir='ltr'><strong>Ald.</strong></span> <span class='ocrx_word' id='word_1_129' title='bbox 963 1944 1106 1992; x_wconf 83' lang='lat' dir='ltr'><strong>Philomns.</strong></span> <span class='ocrx_word' id='word_1_130' title='bbox 1125 1942 1244 1992; x_wconf 83' lang='lat' dir='ltr'><strong>Rhenan·</strong></span> <span class='ocrx_word' id='word_1_131' title='bbox 1260 1944 1294 1992; x_wconf 84' lang='lat' dir='ltr'><strong>lt.</strong></span> <span class='ocrx_word' id='word_1_132' title='bbox 1306 1952 1335 1993; x_wconf 86' lang='lat' dir='ltr'><strong>et</strong></span> 
     </span>
     <span class='ocr_line' id='line_1_16' title="bbox 234 2006 1334 2070; baseline -0.002 -12"><span class='ocrx_word' id='word_1_133' title='bbox 234 2006 271 2058; x_wconf 87' lang='grc' dir='ltr'><strong>Η.</strong></span> <span class='ocrx_word' id='word_1_134' title='bbox 285 2009 377 2070; x_wconf 83' lang='lat' dir='ltr'><strong>Steph.</strong></span> <span class='ocrx_word' id='word_1_135' title='bbox 390 2007 458 2056; x_wconf 85' lang='lat' dir='ltr'><strong>Nau.</strong></span> <span class='ocrx_word' id='word_1_136' title='bbox 471 2008 556 2056; x_wconf 81' lang='lat' dir='ltr'><strong>Lirin.</strong></span> <span class='ocrx_word' id='word_1_137' title='bbox 566 2007 637 2070; x_wconf 84' lang='lat' dir='ltr'><strong>(quae</strong></span> <span class='ocrx_word' id='word_1_138' title='bbox 651 2014 736 2058; x_wconf 86' lang='lat' dir='ltr'><strong>tamen</strong></span> <span class='ocrx_word' id='word_1_139' title='bbox 749 2022 831 2068; x_wconf 78' lang='lat' dir='ltr'><strong>aequae</strong></span> <span class='ocrx_word' id='word_1_140' title='bbox 844 2009 923 2056; x_wconf 83' lang='lat' dir='ltr'><strong>aced.</strong></span> <span class='ocrx_word' id='word_1_141' title='bbox 935 2007 970 2057; x_wconf 87' lang='lat' dir='ltr'><strong>H.</strong></span> <span class='ocrx_word' id='word_1_142' title='bbox 982 2009 1074 2070; x_wconf 86' lang='lat' dir='ltr'><strong>Steplr.</strong></span> <span class='ocrx_word' id='word_1_143' title='bbox 1085 2022 1130 2054; x_wconf 81' lang='lat' dir='ltr'><strong>ear</strong></span> <span class='ocrx_word' id='word_1_144' title='bbox 1142 2009 1219 2056; x_wconf 85' lang='lat' dir='ltr'><strong>trahet</strong></span> <span class='ocrx_word' id='word_1_145' title='bbox 1231 2009 1256 2056; x_wconf 90' lang='lat' dir='ltr'><strong>iu</strong></span> <span class='ocrx_word' id='word_1_146' title='bbox 1266 2023 1334 2057; x_wconf 88' lang='lat' dir='ltr'><strong>mar·</strong></span> 
     </span>
     <span class='ocr_line' id='line_1_17' title="bbox 234 2071 1334 2136; baseline 0 -15"><span class='ocrx_word' id='word_1_147' title='bbox 234 2072 318 2136; x_wconf 80' lang='lat' dir='ltr'><strong>gine,)</strong></span> <span class='ocrx_word' id='word_1_148' title='bbox 338 2072 470 2120; x_wconf 84' lang='lat' dir='ltr'><strong>Boxhoru.</strong></span> <span class='ocrx_word' id='word_1_149' title='bbox 483 2073 562 2120; x_wconf 83' lang='lat' dir='ltr'><strong>Frob.</strong></span> <span class='ocrx_word' id='word_1_150' title='bbox 573 2071 662 2123; x_wconf 85' lang='lat' dir='ltr'><strong>Plant.</strong></span> <span class='ocrx_word' id='word_1_151' title='bbox 673 2073 741 2121; x_wconf 85' lang='lat' dir='ltr'><strong>etat.</strong></span> <span class='ocrx_word' id='word_1_152' title='bbox 771 2072 870 2120; x_wconf 85' lang='lat' dir='ltr'><strong>Extant</strong></span> <span class='ocrx_word' id='word_1_153' title='bbox 883 2082 969 2121; x_wconf 84' lang='lat' dir='ltr'><strong>tamen</strong></span> <span class='ocrx_word' id='word_1_154' title='bbox 982 2073 1008 2120; x_wconf 89' lang='lat' dir='ltr'><strong>in</strong></span> <span class='ocrx_word' id='word_1_155' title='bbox 1020 2071 1203 2120; x_wconf 86' lang='lat' dir='ltr'><strong>omnibusaliis</strong></span> <span class='ocrx_word' id='word_1_156' title='bbox 1215 2071 1292 2122; x_wconf 86' lang='lat' dir='ltr'><strong>codd.</strong></span> <span class='ocrx_word' id='word_1_157' title='bbox 1305 2078 1334 2122; x_wconf 89' lang='lat' dir='ltr'><strong>et</strong></span> 
     </span>
     <span class='ocr_line' id='line_1_18' title="bbox 234 2135 1336 2197; baseline 0 -11"><span class='ocrx_word' id='word_1_158' title='bbox 234 2136 295 2186; x_wconf 84' lang='lat' dir='ltr'><strong>edd.</strong></span> <span class='ocrx_word' id='word_1_159' title='bbox 309 2135 434 2197; x_wconf 75' lang='lat' dir='ltr'><strong>deinceps</strong></span> <span class='ocrx_word' id='word_1_160' title='bbox 452 2145 512 2196; x_wconf 85' lang='lat' dir='ltr'><strong>post</strong></span> <span class='ocrx_word' id='word_1_161' title='bbox 522 2135 641 2184; x_wconf 80' lang='lat' dir='ltr'><strong>sichard.</strong></span> <span class='ocrx_word' id='word_1_162' title='bbox 675 2135 836 2186; x_wconf 78' lang='lat' dir='ltr'><strong>Vocabulum</strong></span> <span class='ocrx_word' id='word_1_163' title='bbox 847 2136 933 2186; x_wconf 72' lang='lat' dir='ltr'><strong>einim</strong></span> <span class='ocrx_word' id='word_1_164' title='bbox 945 2136 1035 2185; x_wconf 85' lang='lat' dir='ltr'><strong>unicus</strong></span> <span class='ocrx_word' id='word_1_165' title='bbox 1053 2135 1151 2184; x_wconf 87' lang='lat' dir='ltr'><strong>ornittit</strong></span> <span class='ocrx_word' id='word_1_166' title='bbox 1163 2137 1220 2185; x_wconf 91' lang='lat' dir='ltr'><strong>cod.</strong></span> <span class='ocrx_word' id='word_1_167' title='bbox 1238 2136 1336 2186; x_wconf 84' lang='lat' dir='ltr'><strong>Vener.</strong></span> 
     </span>
     <span class='ocr_line' id='line_1_19' title="bbox 230 2199 1334 2262; baseline 0.001 -13"><span class='ocrx_word' id='word_1_168' title='bbox 230 2201 355 2249; x_wconf 89' lang='lat' dir='ltr'><strong>‘Unicus</strong></span> <span class='ocrx_word' id='word_1_169' title='bbox 373 2200 431 2248; x_wconf 83' lang='lat' dir='ltr'><strong>rod.</strong></span> <span class='ocrx_word' id='word_1_170' title='bbox 448 2201 509 2248; x_wconf 85' lang='lat' dir='ltr'><strong>Vat.</strong></span> <span class='ocrx_word' id='word_1_171' title='bbox 526 2203 551 2249; x_wconf 79' lang='lat' dir='ltr'><strong>d·</strong></span> <span class='ocrx_word' id='word_1_172' title='bbox 570 2200 648 2248; x_wconf 85' lang='lat' dir='ltr'><strong>babet</strong></span> <span class='ocrx_word' id='word_1_173' title='bbox 664 2215 736 2262; x_wconf 77' lang='lat' dir='ltr'><strong>super</strong></span> <span class='ocrx_word' id='word_1_174' title='bbox 754 2215 833 2248; x_wconf 85' lang='lat' dir='ltr'><strong>omues</strong></span> <span class='ocrx_word' id='word_1_175' title='bbox 850 2201 985 2262; x_wconf 59' lang='lat' dir='ltr'><strong>principem</strong></span> <span class='ocrx_word' id='word_1_176' title='bbox 1010 2199 1055 2249; x_wconf 86' lang='lat' dir='ltr'><strong>red</strong></span> <span class='ocrx_word' id='word_1_177' title='bbox 1075 2199 1119 2248; x_wconf 87' lang='lat' dir='ltr'><strong>hic</strong></span> <span class='ocrx_word' id='word_1_178' title='bbox 1140 2214 1190 2249; x_wconf 90' lang='lat' dir='ltr'><strong>non</strong></span> <span class='ocrx_word' id='word_1_179' title='bbox 1210 2208 1251 2250; x_wconf 87' lang='lat' dir='ltr'><strong>est</strong></span> <span class='ocrx_word' id='word_1_180' title='bbox 1262 2203 1334 2250; x_wconf 88' lang='lat' dir='ltr'><strong>iuno·</strong></span> 
     </span>
     <span class='ocr_line' id='line_1_20' title="bbox 234 2262 1336 2328; baseline 0.001 -15"><span class='ocrx_word' id='word_1_181' title='bbox 234 2262 363 2314; x_wconf 66' lang='lat' dir='ltr'><strong>vandum!</strong></span> <span class='ocrx_word' id='word_1_182' title='bbox 380 2263 500 2312; x_wconf 71' lang='lat' dir='ltr'><strong>&amp;saara</strong></span> <span class='ocrx_word' id='word_1_183' title='bbox 532 2264 634 2313; x_wconf 79' lang='lat' dir='ltr'><strong>‘Edita</strong></span> <span class='ocrx_word' id='word_1_184' title='bbox 653 2263 811 2328; x_wconf 81' lang='lat' dir='ltr'><strong>antiquiores</strong></span> <span class='ocrx_word' id='word_1_185' title='bbox 831 2279 930 2320; x_wconf 86' lang='lat' dir='ltr'><strong>omnes,</strong></span> <span class='ocrx_word' id='word_1_186' title='bbox 953 2264 1017 2314; x_wconf 79' lang='lat' dir='ltr'><strong>tollit</strong></span> <span class='ocrx_word' id='word_1_187' title='bbox 1035 2265 1134 2314; x_wconf 75' lang='lat' dir='ltr'><strong>humus:</strong></span> <span class='ocrx_word' id='word_1_188' title='bbox 1149 2267 1186 2312; x_wconf 83' lang='lat' dir='ltr'><strong>itu</strong></span> <span class='ocrx_word' id='word_1_189' title='bbox 1204 2267 1336 2314; x_wconf 73' lang='lat' dir='ltr'><strong>communia</strong></span> 
     </span>
     <span class='ocr_line' id='line_1_21' title="bbox 234 2327 1337 2392; baseline -0.002 -12"><span class='ocrx_word' id='word_1_190' title='bbox 234 2327 375 2388; x_wconf 58' lang='lat' dir='ltr'><strong>&amp;suffusa</strong></span> <span class='ocrx_word' id='word_1_191' title='bbox 410 2327 694 2390; x_wconf 75' lang='lat' dir='ltr'><strong>CodGuelplulrumus</strong></span> <span class='ocrx_word' id='word_1_192' title='bbox 704 2329 909 2392; x_wconf 84' lang='lat' dir='ltr'><strong>ista‚comrauaia.</strong></span> <span class='ocrx_word' id='word_1_193' title='bbox 943 2328 1337 2379; x_wconf 85' lang='lat' dir='ltr'><strong>Paris.Veuet.Salisb.lremue</strong></span> 
     </span>
     <span class='ocr_line' id='line_1_22' title="bbox 233 2392 1336 2456; baseline 0 -14"><span class='ocrx_word' id='word_1_194' title='bbox 233 2394 270 2442; x_wconf 81' lang='lat' dir='ltr'><strong>ita</strong></span> <span class='ocrx_word' id='word_1_195' title='bbox 278 2393 415 2442; x_wconf 78' lang='lat' dir='ltr'><strong>cammaris.</strong></span> <span class='ocrx_word' id='word_1_196' title='bbox 435 2392 538 2442; x_wconf 88' lang='lat' dir='ltr'><strong>Vaticc.</strong></span> <span class='ocrx_word' id='word_1_197' title='bbox 548 2393 593 2441; x_wconf 91' lang='lat' dir='ltr'><strong>lib.</strong></span> <span class='ocrx_word' id='word_1_198' title='bbox 606 2393 702 2452; x_wconf 81' lang='lat' dir='ltr'><strong>Vossii‚</strong></span> <span class='ocrx_word' id='word_1_199' title='bbox 713 2393 798 2442; x_wconf 78' lang='lat' dir='ltr'><strong>tumus</strong></span> <span class='ocrx_word' id='word_1_200' title='bbox 808 2394 856 2442; x_wconf 85' lang='lat' dir='ltr'><strong>ista</strong></span> <span class='ocrx_word' id='word_1_201' title='bbox 864 2394 1000 2442; x_wconf 77' lang='lat' dir='ltr'><strong>mmmuais.</strong></span> <span class='ocrx_word' id='word_1_202' title='bbox 1017 2393 1076 2442; x_wconf 84' lang='lat' dir='ltr'><strong>Hoc</strong></span> <span class='ocrx_word' id='word_1_203' title='bbox 1086 2395 1184 2456; x_wconf 82' lang='lat' dir='ltr'><strong>placuit</strong></span> <span class='ocrx_word' id='word_1_204' title='bbox 1192 2393 1336 2442; x_wconf 81' lang='lat' dir='ltr'><strong>Arataenio</strong></span> 
     </span>
     <span class='ocr_line' id='line_1_23' title="bbox 234 2456 1336 2520; baseline -0.001 -13"><span class='ocrx_word' id='word_1_205' title='bbox 234 2465 263 2507; x_wconf 88' lang='lat' dir='ltr'><strong>et</strong></span> <span class='ocrx_word' id='word_1_206' title='bbox 272 2458 399 2507; x_wconf 81' lang='lat' dir='ltr'><strong>Schwara.</strong></span> <span class='ocrx_word' id='word_1_207' title='bbox 410 2457 452 2506; x_wconf 87' lang='lat' dir='ltr'><strong>hic</strong></span> <span class='ocrx_word' id='word_1_208' title='bbox 463 2462 552 2506; x_wconf 85' lang='lat' dir='ltr'><strong>temen</strong></span> <span class='ocrx_word' id='word_1_209' title='bbox 565 2472 635 2519; x_wconf 74' lang='lat' dir='ltr'><strong>agre</strong></span> <span class='ocrx_word' id='word_1_210' title='bbox 647 2457 759 2506; x_wconf 88' lang='lat' dir='ltr'><strong>dimittit</strong></span> <span class='ocrx_word' id='word_1_211' title='bbox 775 2458 823 2519; x_wconf 84' lang='lat' dir='ltr'><strong>itu,</strong></span> <span class='ocrx_word' id='word_1_212' title='bbox 839 2459 937 2520; x_wconf 90' lang='lat' dir='ltr'><strong>quippe</strong></span> <span class='ocrx_word' id='word_1_213' title='bbox 949 2456 1018 2520; x_wconf 91' lang='lat' dir='ltr'><strong>quod</strong></span> <span class='ocrx_word' id='word_1_214' title='bbox 1031 2458 1096 2506; x_wconf 84' lang='lat' dir='ltr'><strong>bene</strong></span> <span class='ocrx_word' id='word_1_215' title='bbox 1108 2459 1234 2520; x_wconf 84' lang='lat' dir='ltr'><strong>explicari</strong></span> <span class='ocrx_word' id='word_1_216' title='bbox 1246 2460 1336 2520; x_wconf 81' lang='lat' dir='ltr'><strong>poerit,</strong></span> 
     </span>
     <span class='ocr_line' id='line_1_24' title="bbox 233 2521 1334 2585; baseline -0.002 -13"><span class='ocrx_word' id='word_1_217' title='bbox 233 2524 284 2572; x_wconf 84' lang='lat' dir='ltr'><strong>lioc</strong></span> <span class='ocrx_word' id='word_1_218' title='bbox 295 2522 383 2585; x_wconf 89' lang='lat' dir='ltr'><strong>ruodo,</strong></span> <span class='ocrx_word' id='word_1_219' title='bbox 396 2521 444 2569; x_wconf 88' lang='lat' dir='ltr'><strong>lroc</strong></span> <span class='ocrx_word' id='word_1_220' title='bbox 456 2522 559 2571; x_wconf 82' lang='lat' dir='ltr'><strong>incessu</strong></span> <span class='ocrx_word' id='word_1_221' title='bbox 571 2530 627 2585; x_wconf 89' lang='lat' dir='ltr'><strong>tuo,</strong></span> <span class='ocrx_word' id='word_1_222' title='bbox 639 2531 684 2572; x_wconf 91' lang='lat' dir='ltr'><strong>aut</strong></span> <span class='ocrx_word' id='word_1_223' title='bbox 696 2523 786 2582; x_wconf 87' lang='lat' dir='ltr'><strong>etiarn,</strong></span> <span class='ocrx_word' id='word_1_224' title='bbox 802 2522 836 2569; x_wconf 87' lang='lat' dir='ltr'><strong>ob</strong></span> <span class='ocrx_word' id='word_1_225' title='bbox 848 2522 906 2577; x_wconf 88' lang='lat' dir='ltr'><strong>hoc,</strong></span> <span class='ocrx_word' id='word_1_226' title='bbox 922 2537 969 2584; x_wconf 91' lang='lat' dir='ltr'><strong>per</strong></span> <span class='ocrx_word' id='word_1_227' title='bbox 985 2523 1044 2570; x_wconf 83' lang='lat' dir='ltr'><strong>troc.</strong></span> <span class='ocrx_word' id='word_1_228' title='bbox 1077 2523 1143 2571; x_wconf 85' lang='lat' dir='ltr'><strong>Mihi</strong></span> <span class='ocrx_word' id='word_1_229' title='bbox 1164 2523 1262 2572; x_wconf 86' lang='lat' dir='ltr'><strong>arridet</strong></span> <span class='ocrx_word' id='word_1_230' title='bbox 1277 2525 1334 2580; x_wconf 74' lang='lat' dir='ltr'><strong>uta,</strong></span> 
     </span>
     <span class='ocr_line' id='line_1_25' title="bbox 234 2585 1337 2652; baseline 0 -17"><span class='ocrx_word' id='word_1_231' title='bbox 234 2587 303 2652; x_wconf 90' lang='lat' dir='ltr'><strong>quod</strong></span> <span class='ocrx_word' id='word_1_232' title='bbox 325 2589 444 2636; x_wconf 72' lang='grc' dir='ltr'><strong><em>δεικτικῶς</em></strong></span> <span class='ocrx_word' id='word_1_233' title='bbox 460 2586 624 2647; x_wconf 88' lang='lat' dir='ltr'><strong>capiendum,</strong></span> <span class='ocrx_word' id='word_1_234' title='bbox 642 2593 670 2636; x_wconf 90' lang='lat' dir='ltr'><strong>et</strong></span> <span class='ocrx_word' id='word_1_235' title='bbox 689 2587 761 2650; x_wconf 85' lang='lat' dir='ltr'><strong>quasi</strong></span> <span class='ocrx_word' id='word_1_236' title='bbox 777 2587 950 2646; x_wconf 84' lang='lat' dir='ltr'><strong>contemtim;</strong></span> <span class='ocrx_word' id='word_1_237' title='bbox 974 2586 1012 2635; x_wconf 87' lang='lat' dir='ltr'><strong>ita</strong></span> <span class='ocrx_word' id='word_1_238' title='bbox 1030 2585 1098 2635; x_wconf 89' lang='lat' dir='ltr'><strong>enim</strong></span> <span class='ocrx_word' id='word_1_239' title='bbox 1118 2587 1258 2651; x_wconf 86' lang='lat' dir='ltr'><strong>adjuratur</strong></span> <span class='ocrx_word' id='word_1_240' title='bbox 1279 2602 1337 2635; x_wconf 87' lang='lat' dir='ltr'><strong>sen·</strong></span> 
     </span>
     <span class='ocr_line' id='line_1_26' title="bbox 236 2649 1336 2713; baseline 0.001 -12"><span class='ocrx_word' id='word_1_241' title='bbox 236 2653 327 2703; x_wconf 82' lang='lat' dir='ltr'><strong>tentia.</strong></span> <span class='ocrx_word' id='word_1_242' title='bbox 361 2653 447 2700; x_wconf 86' lang='lat' dir='ltr'><strong>Etiam</strong></span> <span class='ocrx_word' id='word_1_243' title='bbox 468 2651 601 2700; x_wconf 85' lang='lat' dir='ltr'><strong>Gesnerus</strong></span> <span class='ocrx_word' id='word_1_244' title='bbox 623 2653 648 2701; x_wconf 90' lang='lat' dir='ltr'><strong>in</strong></span> <span class='ocrx_word' id='word_1_245' title='bbox 668 2649 938 2713; x_wconf 67' lang='lat' dir='ltr'><strong>neupratensem,</strong></span> <span class='ocrx_word' id='word_1_246' title='bbox 962 2666 1105 2713; x_wconf 86' lang='lat' dir='ltr'><strong>quanquam</strong></span> <span class='ocrx_word' id='word_1_247' title='bbox 1124 2651 1150 2700; x_wconf 94' lang='lat' dir='ltr'><strong>in</strong></span> <span class='ocrx_word' id='word_1_248' title='bbox 1167 2660 1241 2701; x_wconf 87' lang='lat' dir='ltr'><strong>textu</strong></span> <span class='ocrx_word' id='word_1_249' title='bbox 1261 2651 1336 2702; x_wconf 87' lang='lat' dir='ltr'><strong>dedit</strong></span> 
     </span>
     <span class='ocr_line' id='line_1_27' title="bbox 234 2715 1336 2780; baseline -0.001 -15"><span class='ocrx_word' id='word_1_250' title='bbox 234 2717 280 2766; x_wconf 84' lang='lat' dir='ltr'><strong>itu.</strong></span> <span class='ocrx_word' id='word_1_251' title='bbox 303 2717 367 2765; x_wconf 83' lang='lat' dir='ltr'><strong>Mox</strong></span> <span class='ocrx_word' id='word_1_252' title='bbox 380 2716 506 2765; x_wconf 82' lang='lat' dir='ltr'><strong>Schwara.</strong></span> <span class='ocrx_word' id='word_1_253' title='bbox 520 2717 622 2778; x_wconf 84' lang='lat' dir='ltr'><strong>suadet,</strong></span> <span class='ocrx_word' id='word_1_254' title='bbox 633 2717 731 2776; x_wconf 58' lang='lat' dir='ltr'><strong>confusa</strong></span> <span class='ocrx_word' id='word_1_255' title='bbox 738 2716 815 2777; x_wconf 80' lang='lat' dir='ltr'><strong>plebis</strong></span> <span class='ocrx_word' id='word_1_256' title='bbox 825 2731 853 2764; x_wconf 87' lang='lat' dir='ltr'><strong>uc</strong></span> <span class='ocrx_word' id='word_1_257' title='bbox 862 2715 1094 2779; x_wconf 66' lang='lat' dir='ltr'><strong>prteepteeartgte</strong></span> <span class='ocrx_word' id='word_1_258' title='bbox 1105 2722 1134 2763; x_wconf 89' lang='lat' dir='ltr'><strong>ut</strong></span> <span class='ocrx_word' id='word_1_259' title='bbox 1146 2731 1184 2766; x_wconf 80' lang='lat' dir='ltr'><strong>ar.</strong></span> <span class='ocrx_word' id='word_1_260' title='bbox 1196 2720 1220 2766; x_wconf 77' lang='lat'><strong>8.</strong></span> <span class='ocrx_word' id='word_1_261' title='bbox 1232 2724 1239 2746; x_wconf 81' lang='lat'>⁸</span> <span class='ocrx_word' id='word_1_262' title='bbox 1250 2731 1336 2780; x_wconf 79' lang='lat' dir='ltr'><strong>oeque·</strong></span> 
     </span>
     <span class='ocr_line' id='line_1_28' title="bbox 237 2779 1337 2843; baseline 0.001 -15"><span class='ocrx_word' id='word_1_263' title='bbox 237 2789 280 2832; x_wconf 83' lang='lat' dir='ltr'><strong>tus</strong></span> <span class='ocrx_word' id='word_1_264' title='bbox 290 2783 371 2843; x_wconf 83' lang='lat' dir='ltr'><strong>plebia</strong></span> <span class='ocrx_word' id='word_1_265' title='bbox 386 2795 416 2829; x_wconf 83' lang='lat' dir='ltr'><strong>ec</strong></span> <span class='ocrx_word' id='word_1_266' title='bbox 428 2781 552 2842; x_wconf 85' lang='lat' dir='ltr'><strong>principis</strong></span> <span class='ocrx_word' id='word_1_267' title='bbox 565 2780 654 2830; x_wconf 87' lang='lat' dir='ltr'><strong>locrrs.&#39;</strong></span> <span class='ocrx_word' id='word_1_268' title='bbox 681 2780 840 2830; x_wconf 81' lang='lat' dir='ltr'><strong>Freinshem.</strong></span> <span class='ocrx_word' id='word_1_269' title='bbox 852 2779 885 2828; x_wconf 88' lang='lat' dir='ltr'><strong>ad</strong></span> <span class='ocrx_word' id='word_1_270' title='bbox 895 2781 968 2828; x_wconf 81' lang='lat' dir='ltr'><strong>Curt·</strong></span> <span class='ocrx_word' id='word_1_271' title='bbox 978 2793 1018 2829; x_wconf 80' lang='lat' dir='ltr'><strong>va.</strong></span> <span class='ocrx_word' id='word_1_272' title='bbox 1032 2786 1055 2829; x_wconf 72' lang='grc' dir='ltr'><strong>ὅ.</strong></span> <span class='ocrx_word' id='word_1_273' title='bbox 1064 2786 1088 2827; x_wconf 83' lang='lat'><strong>5.</strong></span> <span class='ocrx_word' id='word_1_274' title='bbox 1105 2781 1223 2842; x_wconf 82' lang='lat' dir='ltr'><strong>corrigit,</strong></span> <span class='ocrx_word' id='word_1_275' title='bbox 1240 2785 1263 2829; x_wconf 84' lang='lat' dir='ltr'><strong>te</strong></span> <span class='ocrx_word' id='word_1_276' title='bbox 1274 2797 1337 2829; x_wconf 77' lang='lat' dir='ltr'><strong>coee-</strong></span> 
     </span>
     <span class='ocr_line' id='line_1_29' title="bbox 235 2843 1338 2906; baseline 0 -12"><span class='ocrx_word' id='word_1_277' title='bbox 235 2845 317 2894; x_wconf 82' lang='lat' dir='ltr'><strong>mauia</strong></span> <span class='ocrx_word' id='word_1_278' title='bbox 335 2849 359 2892; x_wconf 83' lang='lat' dir='ltr'><strong>et</strong></span> <span class='ocrx_word' id='word_1_279' title='bbox 376 2843 473 2903; x_wconf 72' lang='lat' dir='ltr'><strong>confusa</strong></span> <span class='ocrx_word' id='word_1_280' title='bbox 487 2843 718 2906; x_wconf 67' lang='lat' dir='ltr'><strong>privatisaettigia!</strong></span> <span class='ocrx_word' id='word_1_281' title='bbox 736 2843 837 2906; x_wconf 79' lang='lat' dir='ltr'><strong>Gierig.</strong></span> <span class='ocrx_word' id='word_1_282' title='bbox 870 2845 935 2892; x_wconf 88' lang='lat' dir='ltr'><strong>Voc.</strong></span> <span class='ocrx_word' id='word_1_283' title='bbox 954 2844 990 2892; x_wconf 86' lang='lat' dir='ltr'><strong>ito</strong></span> <span class='ocrx_word' id='word_1_284' title='bbox 1002 2851 1090 2893; x_wconf 90' lang='lat' dir='ltr'><strong>tuetur</strong></span> <span class='ocrx_word' id='word_1_285' title='bbox 1101 2851 1128 2893; x_wconf 90' lang='lat' dir='ltr'><strong>et</strong></span> <span class='ocrx_word' id='word_1_286' title='bbox 1141 2844 1173 2893; x_wconf 84' lang='grc' dir='ltr'><strong>Α.</strong></span> <span class='ocrx_word' id='word_1_287' title='bbox 1185 2845 1210 2896; x_wconf 83' lang='lat' dir='ltr'><strong>J·</strong></span> <span class='ocrx_word' id='word_1_288' title='bbox 1222 2845 1338 2895; x_wconf 88' lang='lat' dir='ltr'><strong>Ernesti.</strong></span> 
     </span>
     <span class='ocr_line' id='line_1_30' title="bbox 236 2906 1337 2970; baseline 0.001 -13"><span class='ocrx_word' id='word_1_289' title='bbox 236 2911 312 2969; x_wconf 78' lang='lat' dir='ltr'><strong>Mox,</strong></span> <span class='ocrx_word' id='word_1_290' title='bbox 323 2908 356 2955; x_wconf 90' lang='lat' dir='ltr'><strong>V.</strong></span> <span class='ocrx_word' id='word_1_291' title='bbox 369 2909 405 2957; x_wconf 88' lang='lat' dir='ltr'><strong>l).</strong></span> <span class='ocrx_word' id='word_1_292' title='bbox 418 2909 442 2954; x_wconf 89' lang='lat' dir='ltr'><strong>in</strong></span> <span class='ocrx_word' id='word_1_293' title='bbox 462 2908 569 2970; x_wconf 84' lang='lat' dir='ltr'><strong>Eplrenr.</strong></span> <span class='ocrx_word' id='word_1_294' title='bbox 583 2910 633 2956; x_wconf 85' lang='lat' dir='ltr'><strong>Lit.</strong></span> <span class='ocrx_word' id='word_1_295' title='bbox 647 2909 757 2958; x_wconf 82' lang='lat' dir='ltr'><strong>denens.</strong></span> <span class='ocrx_word' id='word_1_296' title='bbox 773 2906 875 2968; x_wconf 87' lang='lat' dir='ltr'><strong>suadet,</strong></span> <span class='ocrx_word' id='word_1_297' title='bbox 893 2913 918 2955; x_wconf 85' lang='lat' dir='ltr'><strong>et</strong></span> <span class='ocrx_word' id='word_1_298' title='bbox 928 2908 1024 2964; x_wconf 64' lang='lat' dir='ltr'><strong>coruum</strong></span> <span class='ocrx_word' id='word_1_299' title='bbox 1038 2911 1128 2970; x_wconf 81' lang='lat' dir='ltr'><strong>premis</strong></span> <span class='ocrx_word' id='word_1_300' title='bbox 1144 2909 1255 2970; x_wconf 49' lang='lat' dir='ltr'><strong>aestuis.</strong></span> <span class='ocrx_word' id='word_1_301' title='bbox 1284 2911 1337 2958; x_wconf 91' lang='lat' dir='ltr'><strong>Pa·</strong></span> 
     </span>
     <span class='ocr_line' id='line_1_31' title="bbox 236 2970 1336 3037; baseline 0.002 -16"><span class='ocrx_word' id='word_1_302' title='bbox 236 2980 291 3021; x_wconf 85' lang='lat' dir='ltr'><strong>tar.</strong></span> <span class='ocrx_word' id='word_1_303' title='bbox 299 2974 397 3020; x_wconf 80' lang='lat' dir='ltr'><strong>lomus:</strong></span> <span class='ocrx_word' id='word_1_304' title='bbox 408 2971 443 3020; x_wconf 86' lang='lat' dir='ltr'><strong>itu</strong></span> <span class='ocrx_word' id='word_1_305' title='bbox 451 2973 581 3020; x_wconf 72' lang='lat' dir='ltr'><strong>communia</strong></span> <span class='ocrx_word' id='word_1_306' title='bbox 589 2981 612 3021; x_wconf 86' lang='lat' dir='ltr'><strong>et</strong></span> <span class='ocrx_word' id='word_1_307' title='bbox 620 2971 716 3030; x_wconf 73' lang='lat' dir='ltr'><strong>rursm</strong></span> <span class='ocrx_word' id='word_1_308' title='bbox 723 2970 839 3035; x_wconf 81' lang='lat' dir='ltr'><strong>principis</strong></span> <span class='ocrx_word' id='word_1_309' title='bbox 848 2972 960 3031; x_wconf 73' lang='lat' dir='ltr'><strong>vestigio.</strong></span> <span class='ocrx_word' id='word_1_310' title='bbox 979 2971 1129 3022; x_wconf 78' lang='lat' dir='ltr'><strong>Perizonius</strong></span> <span class='ocrx_word' id='word_1_311' title='bbox 1139 2976 1249 3037; x_wconf 81' lang='lat' dir='ltr'><strong>putabat</strong></span> <span class='ocrx_word' id='word_1_312' title='bbox 1257 2989 1336 3036; x_wconf 86' lang='lat' dir='ltr'><strong>posse</strong></span> 
     </span>
     <span class='ocr_line' id='line_1_32' title="bbox 236 3035 978 3099; baseline -0.003 -13"><span class='ocrx_word' id='word_1_313' title='bbox 236 3038 297 3099; x_wconf 77' lang='lat' dir='ltr'><strong>legi.</strong></span> <span class='ocrx_word' id='word_1_314' title='bbox 309 3038 373 3085; x_wconf 85' lang='lat' dir='ltr'><strong>tollit</strong></span> <span class='ocrx_word' id='word_1_315' title='bbox 382 3037 474 3092; x_wconf 72' lang='lat' dir='ltr'><strong>humus,</strong></span> <span class='ocrx_word' id='word_1_316' title='bbox 486 3037 573 3085; x_wconf 82' lang='lat' dir='ltr'><strong>mirata</strong></span> <span class='ocrx_word' id='word_1_317' title='bbox 581 3036 718 3085; x_wconf 74' lang='lat' dir='ltr'><strong>conmunire.</strong></span> <span class='ocrx_word' id='word_1_318' title='bbox 736 3036 803 3084; x_wconf 87' lang='lat' dir='ltr'><strong>Vide</strong></span> <span class='ocrx_word' id='word_1_319' title='bbox 816 3037 892 3085; x_wconf 88' lang='lat' dir='ltr'><strong>Nott.</strong></span> <span class='ocrx_word' id='word_1_320' title='bbox 903 3035 978 3084; x_wconf 85' lang='lat' dir='ltr'><strong>Varr.</strong></span> 
     </span>
    </p>

    <p class='ocr_par' dir='ltr' id='par_1_6' title="bbox 237 3100 1337 3228">
     <span class='ocr_line' id='line_1_33' title="bbox 269 3100 1337 3166; baseline -0.001 -15"><span class='ocrx_word' id='word_1_321' title='bbox 269 3103 337 3152; x_wconf 73' lang='lat' dir='ltr'><strong>Cae.</strong></span> <span class='ocrx_word' id='word_1_322' title='bbox 350 3114 419 3150; x_wconf 82' lang='lat' dir='ltr'><strong>xxv.</strong></span> <span class='ocrx_word' id='word_1_323' title='bbox 454 3105 467 3149; x_wconf 93' lang='lat' dir='ltr'><strong>l</strong></span> <span class='ocrx_word' id='word_1_324' title='bbox 487 3101 595 3150; x_wconf 84' lang='lat' dir='ltr'><strong>‘Codex</strong></span> <span class='ocrx_word' id='word_1_325' title='bbox 607 3101 741 3150; x_wconf 85' lang='lat' dir='ltr'><strong>Parisinus</strong></span> <span class='ocrx_word' id='word_1_326' title='bbox 752 3100 842 3163; x_wconf 87' lang='lat' dir='ltr'><strong>lrabet,</strong></span> <span class='ocrx_word' id='word_1_327' title='bbox 851 3104 927 3162; x_wconf 74' lang='lat' dir='ltr'><strong>aguet</strong></span> <span class='ocrx_word' id='word_1_328' title='bbox 936 3100 1040 3163; x_wconf 73' lang='lat' dir='ltr'><strong>principi</strong></span> <span class='ocrx_word' id='word_1_329' title='bbox 1048 3103 1161 3163; x_wconf 65' lang='lat' dir='ltr'><strong>gratim</strong></span> <span class='ocrx_word' id='word_1_330' title='bbox 1178 3117 1235 3166; x_wconf 77' lang='lat' dir='ltr'><strong>quoe</strong></span> <span class='ocrx_word' id='word_1_331' title='bbox 1247 3102 1337 3164; x_wconf 85' lang='lat' dir='ltr'><strong>inepta</strong></span> 
     </span>
     <span class='ocr_line' id='line_1_34' title="bbox 237 3165 1337 3228; baseline 0.004 -14"><span class='ocrx_word' id='word_1_332' title='bbox 237 3167 347 3216; x_wconf 83' lang='lat' dir='ltr'><strong>variatio</strong></span> <span class='ocrx_word' id='word_1_333' title='bbox 357 3165 468 3216; x_wconf 84' lang='lat' dir='ltr'><strong>debetur</strong></span> <span class='ocrx_word' id='word_1_334' title='bbox 479 3165 595 3216; x_wconf 70' lang='lat' dir='ltr'><strong>audaciae</strong></span> <span class='ocrx_word' id='word_1_335' title='bbox 607 3166 727 3215; x_wconf 68' lang='lat' dir='ltr'><strong>librarii:</strong></span> <span class='ocrx_word' id='word_1_336' title='bbox 743 3165 864 3215; x_wconf 72' lang='lat' dir='ltr'><strong>seneen.</strong></span> <span class='ocrx_word' id='word_1_337' title='bbox 887 3166 963 3228; x_wconf 80' lang='lat' dir='ltr'><strong>Mox,</strong></span> <span class='ocrx_word' id='word_1_338' title='bbox 973 3166 1035 3215; x_wconf 84' lang='lat' dir='ltr'><strong>Vat.</strong></span> <span class='ocrx_word' id='word_1_339' title='bbox 1044 3171 1069 3215; x_wconf 79' lang='lat' dir='ltr'><strong>d.</strong></span> <span class='ocrx_word' id='word_1_340' title='bbox 1081 3167 1178 3217; x_wconf 87' lang='lat' dir='ltr'><strong>Venet.</strong></span> <span class='ocrx_word' id='word_1_341' title='bbox 1190 3174 1217 3216; x_wconf 88' lang='lat' dir='ltr'><strong>et</strong></span> <span class='ocrx_word' id='word_1_342' title='bbox 1228 3166 1298 3215; x_wconf 88' lang='lat' dir='ltr'><strong>Gnd.</strong></span> <span class='ocrx_word' id='word_1_343' title='bbox 1311 3171 1337 3218; x_wconf 74' lang='lat'><strong>2.</strong></span> 
     </span>
    </p>
   </div>
   <div class='ocr_carea' id='block_1_5' title="bbox 732 3311 841 3363">
    <p class='ocr_par' dir='ltr' id='par_1_7' title="bbox 732 3311 841 3363">
     <span class='ocr_line' id='line_1_35' title="bbox 732 3311 841 3363; baseline -0.037 0"><span class='ocrx_word' id='word_1_344' title='bbox 732 3311 841 3363; x_wconf 81' lang='lat' dir='ltr'>NOTAE</span> 
     </span>
    </p>
   </div>
   <div class='ocr_carea' id='block_1_6' title="bbox 237 3407 1339 4304">
    <p class='ocr_par' dir='ltr' id='par_1_8' title="bbox 237 3407 1339 4080">
     <span class='ocr_line' id='line_1_36' title="bbox 268 3407 1338 3471; baseline 0 -15"><span class='ocrx_word' id='word_1_345' title='bbox 268 3407 374 3457; x_wconf 74' lang='lat' dir='ltr'><strong>roam</strong></span> <span class='ocrx_word' id='word_1_346' title='bbox 400 3410 485 3470; x_wconf 78' lang='lat' dir='ltr'><strong>pedum</strong></span> <span class='ocrx_word' id='word_1_347' title='bbox 510 3407 651 3470; x_wconf 72' lang='lat' dir='ltr'><strong>mucrene]</strong></span> <span class='ocrx_word' id='word_1_348' title='bbox 690 3409 766 3460; x_wconf 80' lang='lat' dir='ltr'><strong>Quod</strong></span> <span class='ocrx_word' id='word_1_349' title='bbox 808 3410 853 3457; x_wconf 86' lang='lat' dir='ltr'><strong>tris</strong></span> <span class='ocrx_word' id='word_1_350' title='bbox 869 3407 987 3469; x_wconf 82' lang='lat' dir='ltr'><strong>vestigiis</strong></span> <span class='ocrx_word' id='word_1_351' title='bbox 1004 3409 1190 3458; x_wconf 86' lang='lat' dir='ltr'><strong>communiaet</strong></span> <span class='ocrx_word' id='word_1_352' title='bbox 1206 3408 1338 3471; x_wconf 84' lang='lat' dir='ltr'><strong>permixta</strong></span> 
     </span>
     <span class='ocr_line' id='line_1_37' title="bbox 238 3482 1339 3547; baseline 0.004 -17"><span class='ocrx_word' id='word_1_353' title='bbox 238 3482 335 3532; x_wconf 87' lang='lat' dir='ltr'><strong>lectica</strong></span> <span class='ocrx_word' id='word_1_354' title='bbox 346 3489 491 3532; x_wconf 87' lang='lat' dir='ltr'><strong>uterentur.</strong></span> <span class='ocrx_word' id='word_1_355' title='bbox 518 3484 605 3546; x_wconf 80' lang='lat' dir='ltr'><strong>Atque</strong></span> <span class='ocrx_word' id='word_1_356' title='bbox 619 3484 644 3532; x_wconf 94' lang='lat' dir='ltr'><strong>id</strong></span> <span class='ocrx_word' id='word_1_357' title='bbox 659 3499 708 3532; x_wconf 90' lang='lat' dir='ltr'><strong>nou</strong></span> <span class='ocrx_word' id='word_1_358' title='bbox 719 3485 766 3532; x_wconf 88' lang='lat' dir='ltr'><strong>irn-</strong></span> <span class='ocrx_word' id='word_1_359' title='bbox 806 3491 866 3532; x_wconf 89' lang='lat' dir='ltr'><strong>sunt</strong></span> <span class='ocrx_word' id='word_1_360' title='bbox 889 3485 1013 3547; x_wconf 88' lang='lat' dir='ltr'><strong>principia</strong></span> <span class='ocrx_word' id='word_1_361' title='bbox 1033 3485 1116 3533; x_wconf 85' lang='lat' dir='ltr'><strong>uestri</strong></span> <span class='ocrx_word' id='word_1_362' title='bbox 1134 3485 1251 3546; x_wconf 80' lang='lat' dir='ltr'><strong>vestigia.</strong></span> <span class='ocrx_word' id='word_1_363' title='bbox 1284 3485 1339 3534; x_wconf 82' lang='lat' dir='ltr'><strong>Alii</strong></span> 
     </span>
     <span class='ocr_line' id='line_1_38' title="bbox 239 3559 1336 3623; baseline 0.001 -16"><span class='ocrx_word' id='word_1_364' title='bbox 239 3565 374 3623; x_wconf 85' lang='lat' dir='ltr'><strong>peratores</strong></span> <span class='ocrx_word' id='word_1_365' title='bbox 392 3559 478 3618; x_wconf 75' lang='lat' dir='ltr'><strong>niodo,</strong></span> <span class='ocrx_word' id='word_1_366' title='bbox 493 3559 539 3608; x_wconf 82' lang='lat' dir='ltr'><strong>sed</strong></span> <span class='ocrx_word' id='word_1_367' title='bbox 551 3565 580 3607; x_wconf 88' lang='lat' dir='ltr'><strong>et</strong></span> <span class='ocrx_word' id='word_1_368' title='bbox 597 3565 728 3608; x_wconf 83' lang='lat' dir='ltr'><strong>senatores</strong></span> <span class='ocrx_word' id='word_1_369' title='bbox 739 3567 767 3610; x_wconf 89' lang='lat' dir='ltr'><strong>et</strong></span> <span class='ocrx_word' id='word_1_370' title='bbox 807 3560 858 3608; x_wconf 92' lang='lat' dir='ltr'><strong>alio</strong></span> <span class='ocrx_word' id='word_1_371' title='bbox 877 3559 953 3607; x_wconf 88' lang='lat' dir='ltr'><strong>modo</strong></span> <span class='ocrx_word' id='word_1_372' title='bbox 973 3560 1042 3609; x_wconf 85' lang='lat' dir='ltr'><strong>huuc</strong></span> <span class='ocrx_word' id='word_1_373' title='bbox 1060 3560 1145 3608; x_wconf 86' lang='lat' dir='ltr'><strong>locum</strong></span> <span class='ocrx_word' id='word_1_374' title='bbox 1165 3560 1265 3622; x_wconf 87' lang='lat' dir='ltr'><strong>legunt,</strong></span> <span class='ocrx_word' id='word_1_375' title='bbox 1289 3561 1336 3608; x_wconf 89' lang='lat' dir='ltr'><strong>sed</strong></span> 
     </span>
     <span class='ocr_line' id='line_1_39' title="bbox 238 3633 1338 3700; baseline 0.003 -18"><span class='ocrx_word' id='word_1_376' title='bbox 238 3635 340 3700; x_wconf 85' lang='lat' dir='ltr'><strong>equites</strong></span> <span class='ocrx_word' id='word_1_377' title='bbox 355 3649 402 3696; x_wconf 91' lang='lat' dir='ltr'><strong>pro</strong></span> <span class='ocrx_word' id='word_1_378' title='bbox 415 3634 476 3697; x_wconf 89' lang='lat' dir='ltr'><strong>jure</strong></span> <span class='ocrx_word' id='word_1_379' title='bbox 494 3650 540 3685; x_wconf 90' lang='lat' dir='ltr'><strong>suo</strong></span> <span class='ocrx_word' id='word_1_380' title='bbox 557 3633 706 3699; x_wconf 85' lang='lat' dir='ltr'><strong>faciebaut;</strong></span> <span class='ocrx_word' id='word_1_381' title='bbox 722 3651 766 3686; x_wconf 89' lang='lat' dir='ltr'><strong>ne·</strong></span> <span class='ocrx_word' id='word_1_382' title='bbox 808 3635 990 3685; x_wconf 82' lang='lat' dir='ltr'><strong>emendatione</strong></span> <span class='ocrx_word' id='word_1_383' title='bbox 1011 3635 1054 3685; x_wconf 85' lang='lat' dir='ltr'><strong>iric</strong></span> <span class='ocrx_word' id='word_1_384' title='bbox 1076 3650 1127 3684; x_wconf 90' lang='lat' dir='ltr'><strong>non</strong></span> <span class='ocrx_word' id='word_1_385' title='bbox 1145 3636 1249 3686; x_wconf 85' lang='lat' dir='ltr'><strong>videtur</strong></span> <span class='ocrx_word' id='word_1_386' title='bbox 1273 3651 1338 3700; x_wconf 90' lang='lat' dir='ltr'><strong>oprrs</strong></span> 
     </span>
     <span class='ocr_line' id='line_1_40' title="bbox 237 3711 875 3775; baseline 0.005 -17"><span class='ocrx_word' id='word_1_387' title='bbox 237 3725 289 3774; x_wconf 90' lang='lat' dir='ltr'><strong>qne</strong></span> <span class='ocrx_word' id='word_1_388' title='bbox 301 3712 326 3759; x_wconf 95' lang='lat' dir='ltr'><strong>in</strong></span> <span class='ocrx_word' id='word_1_389' title='bbox 338 3725 370 3761; x_wconf 88' lang='lat' dir='ltr'><strong>eo</strong></span> <span class='ocrx_word' id='word_1_390' title='bbox 382 3711 518 3775; x_wconf 85' lang='lat' dir='ltr'><strong>quicquam</strong></span> <span class='ocrx_word' id='word_1_391' title='bbox 529 3725 641 3760; x_wconf 86' lang='lat' dir='ltr'><strong>censura</strong></span> <span class='ocrx_word' id='word_1_392' title='bbox 651 3711 766 3774; x_wconf 81' lang='lat' dir='ltr'><strong>dignum.</strong></span> <span class='ocrx_word' id='word_1_393' title='bbox 808 3725 875 3761; x_wconf 83' lang='lat' dir='ltr'><strong>esre.</strong></span> 
     </span>
     <span class='ocr_line' id='line_1_41' title="bbox 239 3784 1338 3851; baseline 0.003 -16"><span class='ocrx_word' id='word_1_394' title='bbox 239 3787 334 3851; x_wconf 81' lang='lat' dir='ltr'><strong>Carpit</strong></span> <span class='ocrx_word' id='word_1_395' title='bbox 344 3793 431 3836; x_wconf 88' lang='lat' dir='ltr'><strong>tamen</strong></span> <span class='ocrx_word' id='word_1_396' title='bbox 441 3786 490 3835; x_wconf 86' lang='lat' dir='ltr'><strong>hoc</strong></span> <span class='ocrx_word' id='word_1_397' title='bbox 501 3787 560 3836; x_wconf 86' lang='lat' dir='ltr'><strong>loco</strong></span> <span class='ocrx_word' id='word_1_398' title='bbox 571 3801 615 3836; x_wconf 89' lang='lat' dir='ltr'><strong>eos</strong></span> <span class='ocrx_word' id='word_1_399' title='bbox 627 3787 768 3849; x_wconf 85' lang='lat' dir='ltr'><strong>imperato·</strong></span> <span class='ocrx_word' id='word_1_400' title='bbox 838 3787 846 3830; x_wconf 77' lang='lat' dir='ltr'><strong>l</strong></span> <span class='ocrx_word' id='word_1_401' title='bbox 864 3788 915 3837; x_wconf 81' lang='lat' dir='ltr'><strong>Nec</strong></span> <span class='ocrx_word' id='word_1_402' title='bbox 925 3784 1019 3848; x_wconf 70' lang='lat' dir='ltr'><strong>nerem]</strong></span> <span class='ocrx_word' id='word_1_403' title='bbox 1029 3787 1143 3849; x_wconf 83' lang='lat' dir='ltr'><strong>Utapte,</strong></span> <span class='ocrx_word' id='word_1_404' title='bbox 1152 3793 1179 3836; x_wconf 86' lang='lat' dir='ltr'><strong>et</strong></span> <span class='ocrx_word' id='word_1_405' title='bbox 1185 3788 1338 3851; x_wconf 81' lang='lat' dir='ltr'><strong>juxtaprae·</strong></span> 
     </span>
     <span class='ocr_line' id='line_1_42' title="bbox 239 3863 1338 3927; baseline 0.003 -16"><span class='ocrx_word' id='word_1_406' title='bbox 239 3877 289 3918; x_wconf 84' lang='lat' dir='ltr'><strong>rer,</strong></span> <span class='ocrx_word' id='word_1_407' title='bbox 301 3865 345 3927; x_wconf 89' lang='lat' dir='ltr'><strong>qui</strong></span> <span class='ocrx_word' id='word_1_408' title='bbox 357 3863 554 3912; x_wconf 85' lang='lat' dir='ltr'><strong>arrceollantiurn</strong></span> <span class='ocrx_word' id='word_1_409' title='bbox 563 3863 676 3912; x_wconf 84' lang='lat' dir='ltr'><strong>humeris</strong></span> <span class='ocrx_word' id='word_1_410' title='bbox 686 3864 769 3913; x_wconf 83' lang='lat' dir='ltr'><strong>cerri·</strong></span> <span class='ocrx_word' id='word_1_411' title='bbox 809 3872 916 3926; x_wconf 83' lang='lat' dir='ltr'><strong>ceptum</strong></span> <span class='ocrx_word' id='word_1_412' title='bbox 928 3863 1076 3913; x_wconf 83' lang='lat' dir='ltr'><strong>Aristotelis</strong></span> <span class='ocrx_word' id='word_1_413' title='bbox 1085 3871 1112 3912; x_wconf 85' lang='lat' dir='ltr'><strong>et</strong></span> <span class='ocrx_word' id='word_1_414' title='bbox 1121 3864 1207 3925; x_wconf 84' lang='lat' dir='ltr'><strong>Tullii,</strong></span> <span class='ocrx_word' id='word_1_415' title='bbox 1217 3863 1300 3912; x_wconf 78' lang='lat' dir='ltr'><strong>fessos</strong></span> <span class='ocrx_word' id='word_1_416' title='bbox 1309 3874 1338 3914; x_wconf 87' lang='lat' dir='ltr'><strong>et</strong></span> 
     </span>
     <span class='ocr_line' id='line_1_43' title="bbox 239 3938 1339 4003; baseline 0.003 -17"><span class='ocrx_word' id='word_1_417' title='bbox 239 3940 366 4003; x_wconf 86' lang='lat' dir='ltr'><strong>cibusque</strong></span> <span class='ocrx_word' id='word_1_418' title='bbox 378 3938 411 3989; x_wconf 85' lang='lat' dir='ltr'><strong>ed</strong></span> <span class='ocrx_word' id='word_1_419' title='bbox 423 3938 520 3990; x_wconf 84' lang='lat' dir='ltr'><strong>fastum</strong></span> <span class='ocrx_word' id='word_1_420' title='bbox 537 3953 584 4002; x_wconf 89' lang='lat' dir='ltr'><strong>pro</strong></span> <span class='ocrx_word' id='word_1_421' title='bbox 600 3941 696 3989; x_wconf 76' lang='lat' dir='ltr'><strong>lectica</strong></span> <span class='ocrx_word' id='word_1_422' title='bbox 712 3946 769 3990; x_wconf 89' lang='lat' dir='ltr'><strong>ute·</strong></span> <span class='ocrx_word' id='word_1_423' title='bbox 809 3940 961 4003; x_wconf 82' lang='lat' dir='ltr'><strong>languentes</strong></span> <span class='ocrx_word' id='word_1_424' title='bbox 972 3938 1118 3988; x_wconf 87' lang='lat' dir='ltr'><strong>auditorum</strong></span> <span class='ocrx_word' id='word_1_425' title='bbox 1136 3941 1233 3988; x_wconf 87' lang='lat' dir='ltr'><strong>animos</strong></span> <span class='ocrx_word' id='word_1_426' title='bbox 1249 3941 1276 3989; x_wconf 90' lang='lat' dir='ltr'><strong>iu</strong></span> <span class='ocrx_word' id='word_1_427' title='bbox 1292 3941 1339 3989; x_wconf 90' lang='lat' dir='ltr'><strong>de-</strong></span> 
     </span>
     <span class='ocr_line' id='line_1_44' title="bbox 239 4014 1339 4080; baseline 0.003 -17"><span class='ocrx_word' id='word_1_428' title='bbox 239 4021 339 4064; x_wconf 89' lang='lat' dir='ltr'><strong>rentur.</strong></span> <span class='ocrx_word' id='word_1_429' title='bbox 810 4030 885 4064; x_wconf 77' lang='lat' dir='ltr'><strong>aaran</strong></span> <span class='ocrx_word' id='word_1_430' title='bbox 896 4014 1021 4064; x_wconf 82' lang='lat' dir='ltr'><strong>orationis</strong></span> <span class='ocrx_word' id='word_1_431' title='bbox 1031 4016 1144 4077; x_wconf 80' lang='lat' dir='ltr'><strong>exeitat3</strong></span> <span class='ocrx_word' id='word_1_432' title='bbox 1155 4017 1231 4066; x_wconf 90' lang='lat' dir='ltr'><strong>modo</strong></span> <span class='ocrx_word' id='word_1_433' title='bbox 1242 4018 1339 4080; x_wconf 86' lang='lat' dir='ltr'><strong>prolix·</strong></span> 
     </span>
    </p>

    <p class='ocr_par' dir='ltr' id='par_1_9' title="bbox 240 4089 1339 4304">
     <span class='ocr_line' id='line_1_45' title="bbox 273 4089 1339 4155; baseline 0.002 -17"><span class='ocrx_word' id='word_1_434' title='bbox 273 4089 280 4120; x_wconf 86' lang='lat'><strong>¹</strong></span> <span class='ocrx_word' id='word_1_435' title='bbox 296 4089 405 4152; x_wconf 73' lang='lat' dir='ltr'><strong>Hamus]</strong></span> <span class='ocrx_word' id='word_1_436' title='bbox 423 4090 526 4140; x_wconf 78' lang='lat' dir='ltr'><strong>liumus</strong></span> <span class='ocrx_word' id='word_1_437' title='bbox 548 4089 607 4151; x_wconf 84' lang='lat' dir='ltr'><strong>iata,</strong></span> <span class='ocrx_word' id='word_1_438' title='bbox 624 4106 702 4155; x_wconf 85' lang='lat' dir='ltr'><strong>quam</strong></span> <span class='ocrx_word' id='word_1_439' title='bbox 717 4093 769 4143; x_wconf 87' lang='lat' dir='ltr'><strong>tuis</strong></span> <span class='ocrx_word' id='word_1_440' title='bbox 810 4091 903 4140; x_wconf 89' lang='lat' dir='ltr'><strong>itatem</strong></span> <span class='ocrx_word' id='word_1_441' title='bbox 912 4090 1178 4153; x_wconf 81' lang='lat' dir='ltr'><strong>orationisexcusans,</strong></span> <span class='ocrx_word' id='word_1_442' title='bbox 1188 4092 1264 4140; x_wconf 88' lang='lat' dir='ltr'><strong>modo</strong></span> <span class='ocrx_word' id='word_1_443' title='bbox 1275 4095 1339 4140; x_wconf 84' lang='lat' dir='ltr'><strong>urul-</strong></span> 
     </span>
     <span class='ocr_line' id='line_1_46' title="bbox 241 4162 1294 4233; baseline 0.008 -23"><span class='ocrx_word' id='word_1_444' title='bbox 241 4162 351 4226; x_wconf 84' lang='lat' dir='ltr'><strong>pedibus</strong></span> <span class='ocrx_word' id='word_1_445' title='bbox 378 4170 464 4214; x_wconf 84' lang='lat' dir='ltr'><strong>terere</strong></span> <span class='ocrx_word' id='word_1_446' title='bbox 484 4180 533 4216; x_wconf 91' lang='lat' dir='ltr'><strong>non</strong></span> <span class='ocrx_word' id='word_1_447' title='bbox 553 4165 712 4230; x_wconf 81' lang='lat' dir='ltr'><strong>dedignaris,</strong></span> <span class='ocrx_word' id='word_1_448' title='bbox 736 4169 769 4218; x_wconf 84' lang='lat' dir='ltr'><strong>ad</strong></span> <span class='ocrx_word' id='word_1_449' title='bbox 810 4175 838 4217; x_wconf 86' lang='lat' dir='ltr'><strong>ta</strong></span> <span class='ocrx_word' id='word_1_450' title='bbox 848 4166 1084 4233; x_wconf 75' lang='lat' dir='ltr'><strong>praetermissurum</strong></span> <span class='ocrx_word' id='word_1_451' title='bbox 1095 4179 1124 4216; x_wconf 87' lang='lat' dir='ltr'><strong>se</strong></span> <span class='ocrx_word' id='word_1_452' title='bbox 1133 4170 1294 4218; x_wconf 80' lang='lat' dir='ltr'><strong>asseveranti</strong></span> 
     </span>
     <span class='ocr_line' id='line_1_47' title="bbox 240 4239 769 4304; baseline 0.008 -16"><span class='ocrx_word' id='word_1_453' title='bbox 240 4239 333 4288; x_wconf 84' lang='lat' dir='ltr'><strong>coelurn</strong></span> <span class='ocrx_word' id='word_1_454' title='bbox 344 4252 425 4304; x_wconf 87' lang='lat' dir='ltr'><strong>usque</strong></span> <span class='ocrx_word' id='word_1_455' title='bbox 436 4247 462 4290; x_wconf 87' lang='lat' dir='ltr'><strong>te</strong></span> <span class='ocrx_word' id='word_1_456' title='bbox 471 4240 573 4292; x_wconf 81' lang='lat' dir='ltr'><strong>evehit:</strong></span> <span class='ocrx_word' id='word_1_457' title='bbox 589 4241 628 4290; x_wconf 80' lang='lat' dir='ltr'><strong>itu</strong></span> <span class='ocrx_word' id='word_1_458' title='bbox 641 4255 698 4292; x_wconf 87' lang='lat' dir='ltr'><strong>eum</strong></span> <span class='ocrx_word' id='word_1_459' title='bbox 711 4256 769 4292; x_wconf 88' lang='lat' dir='ltr'><strong>nos·</strong></span> 
     </span>
    </p>
   </div>
   <div class='ocr_carea' id='block_1_7' title="bbox 0 0 1574 4852">
    <p class='ocr_par' dir='ltr' id='par_1_10' title="bbox 0 0 1574 4852">
     <span class='ocr_line' id='line_1_48' title="bbox 0 0 1574 4852; baseline 0 0"><span class='ocrx_word' id='word_1_460' title='bbox 0 0 1574 4852; x_wconf 95' lang='lat' dir='ltr'><strong> </strong></span> 
     </span>
    </p>
   </div>
  </div>
 </body>
</html>
