3050 4842
484 369 535 416 sn
558 349 839 420 ranncxarcun
864 371 1000 420 acrasi.
1225 359 1290 424 423

195 507 245 556 cile
258 507 412 570 procedent,
424 507 446 557 si
461 509 499 558 its
509 511 682 560 constituatur
693 511 795 561 orstio:
813 511 973 578 Magnificum
989 516 1024 561 est
1042 513 1149 576 reddere,
1158 515 1210 576 irc..
1232 516 1293 578 Sps·

196 589 284 637 ciosum
311 590 417 643 reddere.
438 596 468 638 ut
494 590 618 654 respiciat
636 591 668 641 ad
695 606 727 640 ea
748 607 806 655 qam
825 607 903 656 supra
924 592 1037 648 dixerat,
1063 605 1166 642 xxxta.
1186 598 1211 642 2.
1227 595 1292 644 ‘Ar-

197 682 247 731 qoc
269 673 297 716 ut
318 676 378 718 suta
398 671 502 732 cestrie,
518 670 557 721 ita
576 678 668 734 postes
688 662 779 734 p'scem
792 669 850 721 foro
867 671 1026 722 reddidisti!
1056 671 1115 728 Vel,
1133 672 1155 721 si
1171 673 1221 722 boe
1240 673 1293 722 dis·

195 747 300 809 plicest.
320 747 424 798 retrahe
447 762 481 798 ex
503 750 670 812 sequentibus
688 751 752 801 illud
766 765 880 814 pressere,
900 765 947 814 pro
965 749 992 800 iu
1009 763 1041 798 eo
1057 748 1113 805 foro
1131 763 1218 814 agere,
1232 765 1293 800 uer-

195 827 259 886 sssi,
269 827 311 876 cui
329 834 357 875 tn
370 841 459 891 pacem
473 827 629 890 reddidisti;
651 843 709 878 cnm
725 829 752 878 in
769 831 871 892 integra
882 828 1015 880 sententia
1030 842 1107 878 unium
1126 829 1230 880 verbum
1243 845 1294 880 non

197 919 271 968 reque
281 906 400 957 omnibus
412 906 583 959 substantivis
594 909 742 968 conveniat,
754 909 793 959 uti
806 923 894 972 supra,
906 919 950 957 nv.
960 912 984 957 0.
999 907 1153 957 ‘demolitur
1164 915 1191 958 et
1203 908 1293 958 obscu-

197 991 239 1034 rat
249 985 368 1047 oblisio;’
384 985 428 1036 nbi
441 987 557 1050 qaedam
573 987 693 1042 diximus.
724 990 810 1040 Quam
829 1003 863 1038 ex
879 988 919 1038 bis
935 988 1039 1051 eligam,
1052 986 1164 1036 noudum
1176 988 1239 1037 satis
1250 988 1294 1038 de·

196 1064 280 1114 tinio:
307 1071 418 1129 utraque
438 1067 569 1137 expositio
596 1068 700 1118 videtur
722 1067 889 1133 preferenda
916 1069 1108 1132 intempestisoe
1129 1068 1296 1131 conjecturae.

198 1144 311 1197 Quintil.
323 1146 438 1196 Deciana.
450 1150 509 1198 274.
525 1147 725 1212 'Forum,quod
735 1149 795 1198 mibi
807 1148 934 1212 ternplum
945 1146 1075 1212 quoddam
1087 1147 1161 1210 pacis
1172 1146 1296 1199 videtum?

198 1223 296 1274 Confer
308 1224 456 1274 Markland.
464 1225 496 1276 sd
506 1227 576 1276 Stat.
588 1227 661 1291 sylv.
672 1231 729 1278 md.
740 1231 798 1276 108.
831 1229 926 1291 Neque
937 1226 998 1276 huic
1009 1226 1115 1276 conatui
1125 1227 1295 1288 patrocinium

199 1303 366 1366 querendum
378 1304 404 1354 iu
415 1319 457 1368 co,
474 1307 547 1369 qnasi
561 1305 685 1368 exiguam
695 1305 745 1356 fori
756 1315 860 1370 partem
871 1304 1005 1356 conferret
1022 1319 1080 1355 cum
1096 1306 1194 1368 magnis
1205 1306 1296 1361 vastis÷

200 1397 251 1446 qne
268 1384 376 1447 campis·
409 1383 503 1442 Immo,
520 1385 634 1434 immores
652 1401 742 1449 campos
760 1399 863 1448 expone
881 1400 928 1448 per
946 1387 1066 1449 regiones
1084 1385 1216 1442 barbaras.
1238 1400 1296 1450 quse

200 1469 279 1512 autea
289 1477 338 1513 uec
345 1463 419 1526 jura,
433 1478 483 1514 nec
499 1466 582 1528 leges,
597 1474 778 1530 agnoscerent.
812 1469 909 1517 Lucan·
924 1480 962 1516 ιν.
972 1469 1030 1516 480.
1048 1467 1198 1531 ‘Victaque
1209 1468 1298 1518 imma·

198 1543 256 1592 nius
271 1540 365 1593 nosse?
397 1542 478 1606 Alibi.
512 1544 595 1594 Sirel
612 1545 768 1594 anaximede
786 1547 910 1596 vastitate
929 1546 1042 1610 regionis
1058 1553 1188 1608 ageretur,
1206 1561 1238 1594 ne
1255 1548 1297 1596 rel
1336 1542 1339 1552 “

172 1637 174 1641 ’
199 1621 361 1686 sicquidem
385 1623 436 1672 ullo
456 1623 534 1674 modo
553 1624 728 1676 satisfaceret.
761 1628 850 1677 Parem
869 1628 949 1676 etiam
968 1627 994 1679 in
1015 1624 1169 1690 praefatione
1182 1627 1299 1688 pretulit

200 1700 272 1750 doct.
289 1700 431 1756 Gesnerus.
464 1703 598 1767 Deinceps
616 1705 772 1754 inconcinne
791 1707 834 1755 edi
851 1707 963 1768 vestigio,
981 1719 1039 1756 cum
1049 1704 1198 1767 scripsisset
1207 1713 1299 1754 auctor

192 1780 309 1841 fastigio.
325 1779 437 1834 affirmat
456 1782 579 1832 Bastbius
597 1783 629 1831 ad
649 1783 785 1834 Claudiae.
803 1785 882 1848 Rapt.
905 1787 1028 1847 Proscrp.
1043 1797 1075 1834 ιι.
1094 1789 1150 1836 000.
1167 1799 1218 1833 non
1241 1799 1299 1848 perr

201 1860 309 1920 sesdet3
332 1874 409 1924 qnam
431 1860 520 1924 inepta
540 1862 609 1911 enim
632 1862 772 1926 diceretur,
793 1865 932 1928 Trsjsnnrn
953 1865 1025 1927 regio
1046 1862 1154 1926 fastigio
1173 1865 1299 1927 pressisse

201 1951 306 2002 campos
318 1955 403 2000 ;,cuus
415 1941 503 2004 istique
515 1941 558 1990 bic
568 1955 621 1992 uon
633 1940 666 1990 de
678 1941 800 2005 superbia
816 1943 942 2005 principis
955 1951 982 1991 et
994 1953 1095 1995 terrore
1107 1957 1244 2002 armorum,
1254 1943 1301 1994 sed

200 2018 235 2066 de
245 2018 419 2069 ostentatione
430 2026 559 2082 togarum,
570 2028 600 2068 et
612 2021 645 2068 de
660 2023 743 2068 reteri
755 2023 895 2082 splendore
906 2022 1000 2071 ducum
1013 2023 1186 2072 Rornanorum
1199 2023 1299 2085 agitur!

202 2097 272 2149 Salis
287 2098 419 2160 putogbaec
434 2111 491 2146 esse
510 2097 610 2158 aliena;
628 2097 719 2148 melius
737 2099 834 2148 retinet
846 2099 948 2162 purerm’
983 2099 1118 2150 Hactenus
1135 2099 1300 2164 Arutneuius,

202 2177 263 2232 Sed,
275 2176 345 2240 quod
357 2191 423 2240 pace
434 2177 482 2226 riri
493 2176 637 2226 doctissimi
646 2177 766 2240 dixerim,
775 2183 874 2235 nescio,
885 2193 971 2243 neque
983 2186 1110 2242 exputare
1122 2193 1236 2242 possum,
1253 2193 1300 2230 cnr

203 2258 282 2322 dicat,
294 2258 400 2306 alterans
413 2271 503 2306 vocem
514 2263 607 2320 maten
619 2258 695 2320 plane
707 2257 839 2325 absonam,
850 2266 878 2309 et
889 2259 945 2308 usui
958 2259 1076 2308 Romano
1088 2272 1143 2308 esse
1155 2274 1301 2322 repugnan-

203 2345 278 2390 rssn.
305 2337 367 2388 Sive
379 2338 447 2390 enim
466 2338 568 2386 unicam
579 2338 645 2386 banc
656 2352 746 2387 rocem
763 2339 1000 2402 portesmspiciat,
1012 2338 1103 2388 falsum
1116 2345 1165 2396 est,
1177 2354 1233 2388 eam
1245 2354 1302 2390 esse

203 2419 336 2473 absonam,
348 2417 456 2480 usuique
469 2416 587 2466 Romano
598 2430 761 2482 repugnare3
776 2419 874 2482 quippe
887 2432 938 2480 qus
949 2419 1011 2466 nibil
1032 2420 1057 2466 iu
1069 2419 1174 2481 optimis
1189 2419 1302 2481 scripto·

205 2498 277 2548 ribus
289 2497 388 2546 Latinis
400 2497 485 2546 trisius
497 2511 553 2546 rese
567 2503 665 2560 potest,
676 2496 755 2546 etiam
768 2511 826 2549 cum
840 2497 872 2546 dc
882 2495 937 2546 foro
949 2499 1065 2546 Romano
1083 2511 1167 2546 sesroo
1179 2503 1229 2545 est.
1255 2497 1300 2546 Sic

205 2592 228 2625 s.
240 2592 266 2640 g.
279 2577 335 2626 Cic.
345 2591 395 2638 pro
405 2577 463 2626 Mil.
475 2590 499 2625 c.
507 2580 532 2626 1.
547 2574 645 2625 ‘Unde
656 2575 742 2639 aliqua
756 2575 875 2638 parciori
889 2575 971 2638 aspici
986 2573 1092 2638 potest?
1124 2575 1184 2624 Sive
1196 2581 1302 2637 spectet

203 2656 329 2720 integram
341 2655 481 2706 dictionem
491 2661 519 2705 et
533 2653 631 2718 φράσιν,
641 2655 788 2715 certsmssrs'
797 2661 891 2719 portes
901 2657 959 2705 sella
969 2655 1050 2704 carsii
1062 2669 1183 2718 premerc,·
1199 2653 1262 2702 nibil
1274 2655 1300 2703 in

203 2736 250 2785 isse
267 2736 343 2786 rideo
357 2736 492 2796 absonum,
502 2735 564 2786 nihil
575 2736 635 2786 usui
650 2737 764 2790 Romam
782 2737 938 2799 repugnans.
973 2733 1062 2797 certe,
1078 2733 1100 2782 si
1116 2733 1217 2782 Plinius
1228 2740 1301 2783 recte

204 2815 270 2864 dixit
280 2816 394 2865 immanes
403 2829 503 2877 campos,
513 2823 635 2878 tanquam
653 2815 711 2864 locs
729 2814 863 2870 latissima,
881 2816 941 2864 sella
955 2813 1032 2863 caruli
1042 2813 1187 2876 maiorisque
1197 2813 1300 2874 uestigio

202 2909 324 2957 premerer
342 2908 414 2958 aeque
431 2899 502 2943 reete
516 2893 605 2946 dicere
617 2893 800 2956 potuitsorum,
817 2895 872 2943 sire
892 2899 981 2944 emam
997 2892 1180 2956 definitamqne
1191 2893 1302 2956 aliquam

199 2973 253 3034 fori
261 2978 363 3036 portem,
374 2974 431 3023 sellu
442 2974 519 3022 curali
533 2987 649 3036 masam,
671 2975 688 3022 i.
701 2989 724 3023 e.
737 2988 752 3023 e
764 2976 828 3024 sells
838 2983 866 3024 et
885 2974 1007 3024 tribunali
1024 2974 1051 3024 in
1067 2980 1139 3024 certa
1155 2971 1206 3022 fori
1225 2978 1302 3035 parte

206 3056 307 3118 positis,
318 3054 363 3118 jus
375 3053 471 3102 dicere.
503 3052 541 3102 At
553 3054 635 3102 multo
646 3053 808 3110 insolentias,
820 3061 848 3104 et
858 3053 958 3115 durius,
966 3059 1045 3117 atque
1056 3052 1088 3102 ab
1102 3067 1149 3100 usu
1161 3052 1228 3101 Latii
1240 3052 1302 3102 alie·

207 3133 261 3184 nius
277 3140 317 3182 est
327 3133 424 3197 dicere,
435 3137 524 3183 certum
533 3132 587 3190 jori
602 3147 683 3194 pacem
698 3134 755 3182 sellu
765 3132 842 3181 curuli
856 3146 970 3194 premere.
1004 3130 1131 3194 Equidem
1146 3129 1210 3178 duas
1221 3143 1303 3193 expo·

207 3213 285 3264 nendi
295 3213 370 3277 hujus
382 3212 431 3262 loci
444 3211 555 3264 rationes
565 3212 614 3261 init
631 3212 807 3272 Arnlnenius3
823 3219 907 3262 utram
920 3225 981 3260 reru
992 3225 1024 3258 ex
1036 3210 1075 3258 bis
1087 3211 1177 3273 eligat,
1186 3209 1301 3271 nondnm

207 3293 265 3355 ipse
284 3293 346 3342 satis
365 3290 473 3340 delinire
495 3291 590 3354 potuit.
623 3291 684 3341 Uos
705 3292 770 3352 vult,
789 3297 819 3340 ut
837 3304 871 3339 ex
893 3291 1017 3354 proximis
1036 3289 1120 3337 serbis
1137 3289 1304 3352 protrabatur

208 3372 314 3422 verbum
335 3372 450 3428 redderer
473 3369 547 3434 quasi
570 3369 672 3419 Plinius
691 3368 797 3430 dixerit,
823 3369 953 3432 speciosum
971 3376 1022 3428 est,
1042 3373 1130 3418 colam
1149 3367 1203 3428 fori
1221 3382 1303 3431 poesin

206 3453 311 3504 reddere.
343 3451 442 3499 Verum
454 3449 480 3498 id
493 3455 620 3513 repugnat
631 3450 801 3500 concinnitati
812 3449 907 3511 Plinii;
928 3449 980 3514 qui,
991 3449 1029 3499 nti
1041 3449 1067 3498 iu
1080 3448 1166 3512 priore
1180 3448 1307 3513 membro,

208 3530 315 3580 verbum
325 3530 423 3578 reddere
433 3533 532 3578 tantum
542 3528 574 3577 ad
586 3529 649 3578 duas
661 3543 711 3589 res,
722 3529 754 3578 ad
767 3532 839 3594 ‘jura
850 3528 961 3580 civium’
972 3537 1000 3579 et
1010 3530 1018 3557 ⁴
1027 3528 1153 3581 bostium'
1163 3531 1304 3588 retulerat;

209 3611 245 3659 ita
261 3611 339 3659 etism
359 3611 384 3656 in
400 3609 483 3658 altero
501 3610 625 3665 membro,
645 3609 749 3659 verbum
758 3624 865 3673 mamere
882 3609 914 3658 sd
927 3609 989 3658 dass
1007 3623 1058 3670 res,
1076 3608 1108 3656 ad
1121 3608 1212 3668 sorem,
1231 3605 1302 3656 etad

201 3704 299 3752 campos
315 3686 405 3736 refert.
439 3685 490 3748 Ac,
507 3689 529 3736 si
547 3690 587 3736 rel
608 3689 718 3736 maxime
732 3690 837 3738 verbnm
854 3689 952 3737 reddere
963 3687 1041 3736 etiarn
1058 3686 1090 3734 ad
1102 3688 1185 3746 forsas
1202 3693 1303 3750 protra-

210 3769 273 3820 here
289 3769 422 3830 roluisset,
440 3767 528 3830 potius
544 3771 633 3816 certam
641 3768 700 3825 sora
715 3781 805 3828 pacem.
822 3782 898 3831 quam
909 3772 997 3816 certam
1008 3765 1063 3827 sori
1078 3780 1168 3828 possm,
1185 3765 1303 3824 dicturus

210 3849 312 3904 fnisset,
332 3847 364 3896 ad
385 3847 531 3909 exemplum
549 3851 755 3909 cap.xxx1v.2.
772 3849 779 3874 ‘
794 3846 831 3895 Ut
849 3857 910 3896 ante
927 3847 1028 3902 castris,
1048 3845 1086 3895 ita
1105 3853 1196 3909 postea
1213 3859 1304 3908 pacem

210 3929 267 3978 soro
275 3926 430 3977 reddidisti'
448 3927 539 3987 lmmo,
551 3927 573 3974 si
585 3933 636 3975 tarn
650 3941 743 3989 parcus
751 3927 888 3976 verborum
900 3926 1025 3976 voluisset
1036 3939 1102 3985 esse,
1113 3925 1191 3973 etiarn
1204 3925 1303 3974 omissis

210 4007 398 4072 posterioribus
412 4007 497 4056 verbis
507 4007 614 4055 alterins
626 4007 744 4070 membri,
754 4007 871 4056 dicturam
879 4005 979 4060 suisset,
991 4005 1148 4069 Magnificum
1158 4010 1204 4064 est,
1214 4005 1305 4054 civibus

185 4083 189 4090 '
204 4091 280 4150 ιιἰιιίς
297 4089 363 4150 quid,
373 4087 493 4136 bentibus?
511 4088 647 4151 speciosius,
657 4090 807 4148 ccrtcmsoro
816 4101 896 4152 pacem
905 4103 914 4144 ,·
927 4087 984 4149 qaid
994 4084 1133 4133 immanibus
1143 4085 1241 4148 campis,
1250 4088 1305 4134 red-

211 4166 285 4220 dere?
306 4167 391 4216 Multo
403 4167 566 4217 verisimilius
577 4165 734 4218 Arntseuius
750 4165 878 4233 saepicsri
890 4165 1024 4230 potuisset,
1035 4165 1061 4221 iu
1073 4163 1243 4248 priorebajus
1254 4167 1304 4217 loci
