3022 4852
217 341 261 404 ta
523 345 583 402 ‘os
608 354 727 402 rnrurr
754 353 996 406 ranucrnrco

219 498 333 580 pueris
361 498 564 580 senibusque
588 499 746 564 nocebit!
792 498 913 583 Neque
939 499 1103 581 ejusmodi
1128 499 1314 566 luminibus

219 606 312 664 caret
337 600 443 664 oratio
473 598 641 664 Pliniana.
685 599 769 664 Cum
790 602 879 664 enim
909 619 986 682 cap.
1018 616 1161 664 nxxxr.
1187 601 1315 665 Noster

218 702 426 779 affirmasset,
449 701 657 766 remissiones
676 702 812 786 Trajaui
832 702 878 765 nil
901 721 987 778 esse,
1006 703 1072 765 nisi
1097 704 1315 782 mutationem

216 805 354 880 laboris,
369 823 434 868 non
452 804 574 886 pergit:
599 799 687 879 Quae
703 802 787 864 enim
804 802 952 866 remissio
965 802 1037 879 tihi,
1061 803 1124 866 nisi
1146 806 1313 868 venatusl

218 905 276 970 sed
293 910 303 939 ⁴
317 902 487 971 venatum’
501 905 549 968 ita
564 904 850 988 circumloquitur,
866 911 905 967 ut
914 903 1047 969 labores
1059 903 1132 986 ejus
1142 908 1176 967 et
1190 905 1314 968 moles-

217 1009 276 1072 tie
292 1012 367 1072 ante
388 1007 507 1071 oculos
529 1015 709 1088 ponantur.
754 1003 865 1083 ‘Quae
881 1007 968 1068 enim
989 1005 1142 1070 remissio
1159 1004 1232 1080 tihi,
1247 1006 1313 1070 uisi

217 1111 360 1173 lustrare
377 1106 495 1183 saltus,
512 1114 667 1172 excutere
684 1107 851 1170 eubilibus
866 1106 966 1180 feras,
983 1125 1141 1188 superare
1153 1106 1315 1170 immensa

217 1210 378 1274 montium
401 1207 496 1290 juga,
523 1216 556 1273 et
579 1209 789 1273 horrentibus
818 1208 970 1291 scopulis
996 1207 1133 1288 gradum
1157 1205 1315 1272 inferrel'

218 1309 365 1374 Venatio
392 1309 466 1374 aliis
489 1310 589 1373 etiam
610 1309 718 1378 modis
741 1310 883 1393 spectari
904 1315 1032 1390 potest,
1048 1327 1081 1369 v.
1097 1327 1127 1372 c.
1148 1315 1314 1390 quatenus

217 1412 388 1476 meditatio
408 1411 491 1475 belli
512 1411 790 1492 praestantissima
809 1409 1007 1474 habebatur.
1051 1408 1107 1474 Ah
1124 1427 1166 1472 ea
1180 1428 1315 1491 quoque

217 1519 313 1597 parte
332 1533 412 1576 mox
437 1513 576 1576 eandem
600 1513 695 1575 nobis
717 1513 786 1576 alia
806 1511 954 1575 ostendit
970 1509 1175 1592 periphrasi:
1199 1508 1314 1574 ‘Olim

215 1615 270 1678 his
285 1615 412 1677 artibus
419 1613 518 1677 futuri
529 1613 635 1676 duces
647 1613 904 1676 imbuebantur:
920 1617 1044 1674 certare
1054 1630 1131 1674 cum
1140 1611 1314 1690 fugacibus

217 1715 296 1778 ieris
312 1734 421 1790 cursu,
437 1734 510 1777 oum
527 1713 716 1778 audacibus
731 1715 861 1789 robore,
878 1731 953 1776 cum
964 1719 965 1723 ’
975 1711 1109 1775 callidis
1125 1719 1224 1776 astu:
1252 1731 1314 1776 nec

217 1815 383 1881 mediocre
402 1817 498 1899 pacis
512 1816 617 1880 decus
637 1815 831 1890 habebatur,
846 1821 1013 1878 summota
1028 1811 1158 1893 campis
1172 1812 1315 1894 irruptio

217 1917 371 1995 ferarum,
390 1925 426 1981 et
450 1916 627 1981 obsidione
649 1916 796 1999 quadam
814 1914 976 1977 liberatus
1000 1913 1178 1993 agrestium
1199 1911 1313 1977 lahor.’

217 2017 417 2098 Paulo‘post
430 2016 547 2080 eadem
557 2034 616 2079 nos
627 2014 733 2095 figura
749 2015 920 2088 admonet,
931 2019 1090 2095 quantum
1106 2007 1314 2094 ‘navigatib'

217 2117 328 2181 valeat
342 2118 385 2180 ad
406 2117 561 2182 alendum
578 2117 727 2198 corporis
742 2117 860 2180 robur:
882 2115 1001 2179 ‘Nunc
1016 2115 1244 2194 gubernaculis
1260 2133 1314 2178 as·

218 2218 314 2297 sidet,
330 2238 418 2282 nune
439 2239 514 2282 cum
530 2219 754 2283 valentissimo
771 2236 906 2299 quoque
927 2215 1088 2279 sodalium
1105 2223 1212 2280 certat
1225 2215 1312 2280 fran-

217 2339 292 2400 gere
312 2320 446 2395 fluctus,
470 2318 632 2382 domitare
653 2325 771 2383 ventos
790 2319 1003 2392 reluctantes
1019 2318 1185 2400 remisque
1206 2313 1312 2382 trans·

216 2420 339 2483 fretare
362 2420 533 2483 obstantia
555 2418 661 2483 freta!
705 2419 845 2501 Egregie
866 2419 939 2484 haec
962 2438 981 2482 e
1007 2418 1147 2481 consilio
1172 2419 1313 2482 oratoris

217 2519 317 2583 dicta.
340 2519 523 2602 Pompeius
537 2520 655 2603 piratis
670 2520 747 2584 olim
761 2521 877 2584 deletis
892 2527 924 2584 et
938 2520 1151 2583 securitatem*
1161 2520 1312 2590 itinerum

217 2622 420 2697 restituerat,
435 2627 469 2684 et
484 2621 731 2685 commercium.
776 2617 1037 2697 Quantamillud
1053 2620 1175 2682 bellum
1189 2620 1313 2684 utilita-

216 2731 280 2786 tem
293 2722 445 2786 attulerit
456 2722 583 2804 populo
598 2721 768 2798 Romano,
777 2741 853 2802 cap.
868 2735 987 2784 xxix.
999 2719 1186 2801 periphrasi
1200 2737 1312 2784 rursus

216 2823 353 2888 edocet:
378 2826 389 2858 ‘
399 2822 553 2885 Reclusit
570 2822 655 2897 viae,
673 2830 793 2902 portus
814 2820 983 2902 patefecit,
1004 2820 1121 2884 itinera
1139 2822 1245 2898 terris,
1260 2821 1312 2884 lit-

216 2923 346 2988 toribus
362 2937 463 2998 mare,
477 2921 589 2984 littora
610 2921 693 2984 mari
716 2920 872 2996 reddidit,
894 2919 1111 3001 diversasque
1131 2928 1246 3002 gentes
1262 2923 1312 2992 ita

217 3024 416 3088 commercio
432 3022 577 3097 miscuit,
594 3027 643 3098 ut,
653 3021 741 3103 quod
753 3023 896 3102 genitum
907 3028 1001 3084 esset
1011 3041 1163 3103 usquam,
1174 3022 1208 3085 id
1221 3021 1311 3105 apud

216 3145 327 3190 omnes
341 3131 453 3191 natum
468 3144 542 3188 esse
558 3122 748 3187 videretur:
788 3124 873 3204 Cap.
887 3139 954 3184 vri.
970 3141 1036 3185 non
1051 3122 1133 3186 dicit
1148 3143 1155 3181 :
1179 3143 1312 3187 sueces-

216 3248 324 3292 sorem
349 3223 533 3308 elect'urus3
557 3228 616 3290 sed
639 3227 937 3310 circumloquendo
961 3225 1092 3308 imperii
1115 3227 1311 3307 gravitatem

215 3328 376 3411 praeclare
391 3330 566 3410 exprimit:
591 3327 772 3392 ‘Senatum
789 3327 1027 3410 Populumque
1040 3325 1242 3404 Romanum,
1252 3345 1311 3390 ex-

215 3430 350 3504 ercitus,
360 3429 563 3509 provincias,
580 3429 693 3491 socios
708 3429 962 3492 transmissurus
978 3424 1054 3490 uni!
1288 3443 1292 3450 ’

218 3578 223 3586 .
258 3528 315 3592 Ad
331 3530 398 3593 alia
412 3530 660 3611 progrediamur
672 3527 849 3610 figurarum
865 3537 1070 3604 ornamenta,
1085 3529 1205 3608 quibus
1221 3547 1310 3610 opus

215 3651 309 3697 suum
320 3631 512 3694 distinctum
525 3651 601 3696 esse
614 3631 720 3695 voluit
730 3651 738 3710 ;
748 3638 783 3697 et
793 3633 934 3713 primum
948 3629 1080 3712 quidem
1094 3628 1137 3692 ad
1148 3649 1308 3712 prosopo-

214 3735 317 3819 poeiae
332 3733 498 3814 exempla,
510 3752 584 3816 quae
601 3742 636 3797 et
651 3733 761 3816 plura,
777 3751 838 3796 nec
854 3729 1097 3795 contemnenda
1112 3728 1214 3792 dedit.
1246 3731 1311 3796 Illa

215 3855 307 3910 vero,
322 3835 479 3918 quoniam
494 3834 595 3898 vitam
612 3843 646 3897 et
661 3853 779 3896 sensus
788 3835 901 3897 tribuit
916 3833 1014 3895 rebus
1027 3831 1098 3894 vita
1109 3833 1311 3908 carentibus,

215 3935 353 3997 multum
385 3934 472 3998 valet
495 3939 527 3997 et
550 3933 629 4016 ipsa
653 3934 695 3996 ad
722 3933 916 3996 ornandum.
960 3931 1047 4013 Cap.
1075 3948 1200 3994 xnvm
1238 3933 1309 3998 Suh

191 4083 194 4088 .
216 4034 363 4115 Trojano
396 4035 580 4118 ‘spiritum
603 4039 634 4097 et
659 4034 862 4116 sanguinem,
887 4040 922 4096 et
945 4035 1084 4115 patriam
1113 4044 1311 4115 receperunt

211 4133 340 4213 studia,
357 4155 438 4218 quae.
448 4137 657 4220 superiorum
674 4143 856 4221 temporum
868 4135 1058 4202 immanitas
1070 4136 1181 4202 exiliis
1196 4138 1310 4228 punieg
