3112 4852
529 349 810 402 senseramus.
852 353 881 400 r.
902 337 957 400 42.
1222 341 1288 407 241

197 486 299 584 quam
322 494 527 580 principibus
550 489 742 570 defuerunt,i
765 492 950 576 qui··sroute
967 496 1063 575 'gravi
1079 501 1113 562 et
1133 498 1219 564 tristi
1234 499 1291 566 sul

197 598 339 685 percilio
360 597 560 662 utilitatibus
580 594 657 664 fisci
680 596 921 660 contumaciter
944 597 1119 663 adessent:
1146 597 1182 664 et
1196 609 1299 680 erant,

198 700 368 786 principes
381 699 450 782 ipsi
465 715 529 762 sua
543 703 665 780 sponte
682 696 773 760 avidi
788 702 821 760 et
834 716 984 780 rapaces,
1000 704 1032 762 et
1047 699 1105 781 qui
1121 702 1290 784 magistris

197 821 268 866 nou
282 807 436 883 egerent;
457 799 553 882 plura
565 803 823 881 tamensemper
836 817 857 862 a
871 799 966 862 nobis
989 809 1108 865 contra
1128 821 1188 867 nos
1204 803 1291 870 didi:

198 909 324 970 cerunt.
367 901 436 966 Sed
452 899 495 965 ed
510 906 585 964 tuas
601 917 712 977 aures,
732 917 810 964 cnm
828 899 948 966 ceteris
969 903 1137 982 omnibus,
1152 905 1293 972 tum'vel

198 1004 347 1074 maxime
363 1002 473 1068 avaris
488 1000 748 1077 adulationibus,
764 1000 956 1066 obstructus
970 1010 1023 1067 est
1037 1003 1156 1070 aditus.
1193 1007 1226 1070 4.
1241 1007 1293 1071 Si-

198 1104 268 1170 lent
282 1122 372 1184 ergo,
387 1109 420 1168 et
439 1103 628 1186 quiescunt,
643 1106 689 1178 et,
705 1108 886 1184 postquam
908 1121 974 1167 nou
996 1111 1058 1180 est,
1074 1106 1129 1170 cui
1151 1107 1294 1174 suadae*

200 1211 273 1285 tur3
296 1204 353 1286 qni
375 1203 550 1280 suadeant,
568 1221 635 1265 non
657 1207 745 1266 suut.
791 1201 1014 1282 Quo‘evenit,
1035 1212 1083 1284 ut,
1098 1225 1175 1272 cum
1190 1209 1295 1292 pluri-

199 1323 291 1374 mum
306 1304 366 1372 tibi
381 1323 442 1386 pro
456 1304 537 1381 tuis,
551 1302 629 1386 plns
644 1310 756 1368 tamen
770 1321 833 1385 pro
844 1303 968 1366 nostris
983 1303 1146 1370 moribnsl
1173 1307 1296 1372 debea-

199 1423 286 1474 mus.

203 1569 208 1578 ,
244 1505 334 1570 Car.
361 1519 459 1574 xtrn.
501 1505 531 1574 1.
554 1503 828 1584 Locupletnbant
845 1509 890 1568 et
912 1502 1042 1582 fiscum,
1067 1511 1102 1570 et
1127 1506 1295 1589 seranum,

201 1624 269 1672 nou
284 1611 352 1672 tam
366 1601 553 1672 Voconiuslt
573 1611 608 1670 ct
620 1606 643 1671 J
645 1606 724 1672 uliae
734 1607 845 1688 leges,
859 1625 959 1688 qnam
970 1606 1169 1690 majestatis
1184 1609 1295 1693 siugu-

657 1800 840 1823 ”cononem

123 1968 132 1986 ,
203 1929 309 1981 aliunde
326 1928 361 1978 sit
376 1935 471 1978 manta.
505 1927 647 1993 Aliquanto
663 1927 744 1990 magis
761 1926 1065 1990 praesentabuntur
1082 1929 1182 1984 etnilit
1196 1929 1300 1995 werne,

203 1995 264 2057 legi,
274 2010 316 2043 aee
326 1991 421 2050 uadunt
430 1993 563 2054 qaisquam.
597 1993 682 2043 Quam
694 1993 846 2040 varietatem
859 1991 947 2054 prodit
957 1991 1039 2040 codex
1051 1992 1102 2040 Mn.
1120 1992 1300 2058 Guelplterby·

203 2065 289 2119 tanos,
300 2055 461 2118 eandemque
472 2055 509 2103 Is.
522 2055 641 2116 Vossius,
651 2061 679 2104 et
690 2055 801 2116 Gudirrs,
813 2054 988 2104 annotarunt!
1004 2055 1126 2106 Selenen.
1160 2056 1251 2105 ‘Ntltl
1260 2072 1299 2108 re-

202 2122 340 2180 tinuissent,
351 2119 427 2168 abest
438 2133 539 2182 qnoque
551 2119 650 2167 sVoss.
662 2125 689 2170 et
701 2118 814 2181 Guelpb.
825 2119 888 2168 edit.
901 2121 974 2168 1476.
1000 2118 1112 2175 Veneta,
1125 2119 1300 2182 Aldina,Fro·
1365 2167 1369 2176 ,

203 2186 263 2234 ben.
275 2184 384 2234 Asccus.
417 2183 471 2230 Pro
481 2187 509 2230 ut
519 2181 683 2241 nibil-anseres
699 2191 761 2232 curu
776 2183 840 2234 Μαι.
851 2182 984 2243 dedimus,
995 2196 1037 2232 aee
1053 2184 1148 2243 enitens
1157 2183 1301 2248 qumquam!

205 2247 294 2297 Arntn.
327 2247 392 2295 Cod.
404 2247 498 2295 Pater.
516 2246 594 2294 etiarn
613 2247 710 2295 omittit
730 2260 804 2295 voces
822 2246 883 2296 nibil
899 2247 1059 2296 retinuissent.
1092 2249 1165 2303 Mos,
1177 2249 1245 2296 ldem
1257 2263 1301 2299 co·

203 2312 265 2373 dex,
276 2313 351 2360 multe
362 2310 477 2370 largioris
487 2313 511 2358 et
518 2309 612 2368 cronno
622 2310 700 2358 omnin
710 2311 886 2372 mperatres-tt
899 2310 983 2360 Codd.
994 2311 1067 2359 Vatt.
1077 2315 1100 2360 1.
1107 2317 1131 2362 a.
1140 2314 1206 2361 3.-4.’
1215 2313 1302 2364 Parist

203 2373 569 2435 Venet.Sslisb.Gnelpl1.et
584 2373 754 2423 Schweraiao.
769 2378 810 2436 gni
822 2373 905 2434 fronte
924 2374 991 2424 tristi
1008 2380 1032 2424 et
1048 2376 1120 2435 mam
1134 2375 1301 2438 censeriis.-

203 2443 220 2489 t
237 2438 302 2487 Cod.
312 2438 405 2488 Patet.
420 2443 541 2500 ρωιφιωη
557 2451 604 2484 non
623 2442 666 2492 est.
685 2437 725 2485 cni
737 2439 914 2499 passndentnr.
947 2438 1011 2486 Mox
1029 2440 1115 2501 tulgg.
1131 2443 1158 2488 at
1175 2439 1229 2500 tibi,
1247 2453 1301 2490 eant

200 2503 330 2566 plurirnsm
346 2516 390 2564 pro
400 2501 457 2557 tuis,
469 2507 519 2550 turn
527 2513 571 2564 pro
581 2500 676 2554 metris,
688 2501 791 2550 nuribus
801 2497 932 2550 distemus.
963 2503 971 2528 ‘
984 2501 1072 2550 Multo
1083 2502 1233 2552 concinnius
1244 2503 1301 2566 lieo

204 2565 328 2630 exprimit
340 2565 423 2614 codex
435 2573 540 2614 noster:
559 2563 709 2624 Quaerenti,
725 2569 761 2626 ut,
773 2579 824 2611 cnm
838 2563 882 2621 tibi
897 2562 1024 2625 purim
1033 2578 1077 2624 pro
1087 2565 1144 2621 tuis,
1158 2567 1213 2627 plus
1222 2571 1302 2616 tornes

201 2644 247 2694 pro
257 2628 466 2690 murismoribca
476 2627 608 2676 debeamus.
632 2628 726 2688 Neque
738 2627 812 2674 aliter
822 2626 878 2692 bac
893 2626 973 2674 verba
984 2625 1111 2688 referunt,
1119 2628 1299 2690 Cuspinianns,

204 2693 317 2756 Lipsius,
328 2690 506 2740 Parisienses.’
516 2689 635 2738 senem.
669 2689 796 2738 ‘Scilicet
806 2694 915 2738 vetustae
927 2689 1066 2746 editiones,
1078 2699 1108 2739 ut
1120 2697 1147 2740 et
1156 2691 1257 2741 Hesrn.
1273 2693 1304 2742 st

206 2757 273 2808 Cell.
286 2755 412 2813 scribunt,
423 2771 476 2803 cnm
491 2754 619 2816 pinninum
631 2767 675 2816 pro
686 2753 734 2802 tuis
744 2759 795 2801 tam
803 2767 848 2816 pro
855 2769 865 2810 ‚·
881 2761 959 2815 atque
972 2754 1009 2803 ite
1020 2754 1086 2804 Exn.
1099 2755 1173 2804 Voss.
1205 2756 1245 2804 Eo
1255 2756 1301 2805 de·
1353 2809 1358 2826 ι

204 2821 276 2883 cepti
289 2826 358 2880 sunt,
371 2818 439 2882 quod
452 2818 635 2874 existimarint,
650 2827 709 2880 post
724 2831 776 2864 cum
788 2816 932 2866 necessario
943 2817 1016 2881 sequi
1027 2823 1085 2871 turn.
1117 2819 1169 2870 Sed
1181 2825 1302 2886 apparet,

205 2885 288 2933 multo
300 2883 444 2946 elegantior
456 2881 518 2930 elios
530 2881 633 2930 dedisse
647 2882 702 2942 plns
714 2885 794 2929 tenen
810 2895 862 2943 pro,
875 2882 942 2930 inter
953 2896 1016 2944 quos
1029 2882 1142 2944 Gnelplt.
1153 2882 1301 2942 sichardus,

205 2948 318 3010 Lipsius.
328 2956 357 2996 et
369 2945 431 2995 alii?
441 2943 528 2994 Arata.
562 2945 684 2994 Nostram
700 2945 838 2993 lectionem
850 2944 1002 2994 confirmant
1013 2948 1092 2994 etiarn
1102 2946 1178 2998 codd.
1190 2947 1264 2999 vett.
1278 2953 1302 2997 l.

204 3016 230 3061 Ξ.
240 3016 264 3060 t.
272 3015 298 3060 l.
314 3010 399 3058 Paris.
410 3009 505 3058 Venet.
518 3009 609 3057 Salisb.
620 3007 731 3072 Gnelpb.
744 3009 772 3057 et'
781 3008 823 3060 ed.
834 3010 918 3070 prima
929 3010 1036 3072 cuspin.
1048 3008 1114 3057 Cod.
1126 3011 1219 3063 Pater.
1230 3012 1302 3062 exhi·

205 3075 261 3129 bct.
271 3079 299 3122 ut
310 3074 354 3122 sibi
362 3073 539 3135 complerimus·
548 3087 592 3134 pro
600 3072 658 3125 tuis,
667 3077 719 3120 tum
726 3085 770 3134 pro
779 3071 867 3120 sostris
877 3073 980 3120 moribus
992 3072 1124 3121 debeamus.
1160 3126 1163 3135 Ι
1295 3125 1299 3132 ,

240 3139 307 3190 Cas.
318 3150 388 3190 xnrr.
415 3142 425 3184 l
445 3137 508 3186 con.
518 3135 689 3186 sensarum.
705 3145 752 3183 iton
766 3135 844 3196 tergis
858 3135 975 3190 Versata,
985 3150 1054 3198 quarn
1064 3135 1140 3183 delia
1150 3135 1222 3201 leges,
1232 3151 1303 3200 qaum

206 3201 341 3264 maiestatis
360 3201 490 3262 singulm,
507 3200 548 3262 isc.
581 3199 655 3256 Mox,
673 3197 749 3248 codd.
767 3199 862 3258 Patet.
878 3199 961 3248 Paris.
972 3201 1068 3248 Venet.
1086 3198 1258 3251 Schwarsian.
1274 3205 1302 3250 et

698 3387 808 3440 No'rAE

205 3503 403 3570 imperiumne}
420 3504 452 3554 ob
472 3503 578 3556 relatam
592 3503 735 3565 victoriam,
806 3503 819 3540 ¹
838 3505 957 3570 Voconia]
984 3505 1056 3569 Lege
1077 3505 1149 3558 Jnlla
1168 3513 1198 3558 et
1217 3508 1303 3574 Papia

206 3582 250 3632 vel
262 3581 364 3630 demum
376 3580 409 3630 ob
418 3581 527 3645 aliquam
539 3580 613 3633 sliam
625 3579 734 3630 celebri·
774 3581 875 3644 qrrotles
894 3580 1031 3632 ducerent
1047 3581 1163 3632 heredes
1180 3583 1304 3645 instituti,

207 3662 285 3706 tatem
294 3655 422 3709 militibus
430 3657 564 3719 erogabat.
775 3669 881 3718 quornm
893 3669 957 3704 uuna
967 3664 1028 3704 aute
1038 3661 1142 3719 apertas
1154 3657 1304 3707 testsmenti

239 3730 733 3794 ¹NusqanmprineipibeedefuerrnrtJIn·
775 3729 875 3780 tabulas
892 3733 1043 3786 moreretur,
1066 3731 1123 3792 ejus
1143 3730 1231 3793 portio
1251 3725 1314 3779 non'

208 3806 382 3868 vestigatores
401 3806 534 3868 ingeniose
552 3806 621 3869 mali,
638 3807 664 3855 in
680 3819 734 3856 om·
776 3805 941 3854 accrescebat
952 3804 1091 3862 cohaeredi,
1110 3807 1155 3854 sed
1167 3805 1305 3856 fisbatea·

208 3878 343 3944 oculissi,
360 3881 486 3944 simulque
503 3882 611 3945 privata
630 3881 668 3930 rei
688 3894 736 3943 pet
775 3880 843 3932 dona
860 3888 888 3930 et
904 3880 1076 3931 addicebatnr
1093 3881 1165 3932 fisco.
1199 3878 1305 3932 caduca

207 3953 249 4004 fas
269 3965 298 4006 et
322 3954 395 4008 netas
423 3956 549 4020 augenda
571 3955 736 4006 occasionem
776 3956 844 4004 enim
856 3955 1001 4020 dicebatur,
1017 3969 1049 4006 eo
1066 3955 1135 4021 qnod
1150 3970 1182 4005 ex
1193 3967 1306 4018 persona

208 4029 312 4081 intenti.
777 4030 1304 4082 coheredisdeiunrtinederetinliscom.

239 4106 249 4150 t
267 4107 316 4157 Pro
332 4106 420 4156 sonnis
437 4106 553 4169 ambo]
570 4107 645 4170 Quod
665 4120 739 4158 nemo
778 4107 876 4158 Eadem
896 4110 955 4173 lege
976 4109 1045 4158 bona
1064 4121 1163 4164 eornm,
1183 4107 1227 4172 qni
1249 4107 1310 4180 sins=

209 4198 224 4232 e
235 4183 309 4234 nobis
320 4183 449 4247 improbos
460 4183 517 4232 illos
528 4184 651 4234 imitetur·
779 4199 926 4237 successore
936 4183 1109 4248 decedebant,
1127 4183 1190 4235 linco
1201 4183 1306 4235 addice·

284 4261 375 4325 Deiels·
384 4267 408 4312 et
423 4261 481 4312 Ver·
495 4263 558 4312 Clas.
687 4263 781 4328 Pnaeg.
796 4264 848 4315 Vel.
1182 4264 1206 4316 0
