3112 4852
216 339 281 408 230
551 379 553 386 ,
583 357 615 404 c.
641 351 762 404 norun
787 353 952 404 secunus

216 509 291 566 nat:
319 501 401 566 licet
423 499 566 584 rejicere,
588 499 671 566 licet
693 499 892 574 exclamare,
917 497 1020 562 Hunc
1042 497 1143 577 nolo;
1174 493 1312 562 timidus

216 613 280 679 est,
294 608 328 666 et
342 603 428 666 bona
446 602 564 664 saeculi
580 619 698 684 parum
712 599 883 678 intelligit:
905 597 1000 660 illurn
1023 598 1110 675 volo,
1133 599 1214 680 qnia
1235 597 1311 663 (3ae-

218 722 325 768 sarem
341 703 472 766 l'ortitsr
488 707 588 765 amat.
633 699 760 763 Eodem
785 699 862 762 loro
884 705 1022 761 utuntur
1042 699 1311 781 principatuset

217 804 380 869 libertas!
423 802 511 881 Quae
535 803 710 885 praecipua
733 806 791 864 tna
813 799 1001 882 gloriaest,
1025 801 1153 881 saepius
1169 801 1312 864 vincitur

217 903 343 983 fiscus,i
358 905 453 989 cnjus
467 905 556 968 mala
571 923 675 968 causa
689 921 856 984 nunquam
871 909 936 978 est,
952 903 1018 965 nisi
1034 901 1099 964 sub
1112 903 1202 966 bono
1224 904 1314 984 prin·

218 1007 307 1089 cipe.
350 1009 382 1069 5.
407 1006 526 1088 Ingens
541 1006 604 1070 hoc
625 1004 799 1085 meritom3
822 1003 931 1087 majus
950 1001 1043 1078 illud,
1059 1002 1146 1086 quod
1161 1022 1219 1066 eos
1236 1023 1313 1085 pro·

218 1116 391 1171 curatores
406 1104 535 1184 habes)-
554 1112 589 1170 ut
604 1105 799 1189 plerumque
821 1105 913 1168 cives
930 1103 978 1166 tui
1000 1122 1066 1165 non
1083 1103 1168 1167 alios
1178 1103 1311 1185 judices

216 1208 346 1272 malint.
390 1208 546 1272 Liberum
560 1214 612 1272 est
634 1215 745 1272 antem
766 1206 969 1288 disceptanti
989 1205 1112 1282 dicere,
1127 1203 1218 1269 Volo
1235 1225 1311 1269 euru

250 1368 263 1402 ‘¹
280 1371 377 1420 Eisdem
383 1370 437 1433 fori
453 1371 545 1432 legibus
556 1387 581 1421 se
591 1372 671 1421 subdit
682 1371 790 1434 minceps
801 1377 825 1419 et
836 1371 895 1420 iiber
905 1371 1012 1434 populas.

218 1609 325 1672 assigno
334 1626 343 1668 ,·
360 1609 474 1673 Gnelpb.
484 1611 585 1660 indicem
597 1611 714 1674 assignat.
747 1612 831 1660 Panlo
850 1617 920 1674 post,
936 1603 1032 1660 venet.
1045 1611 1117 1664 Hanc
1133 1613 1194 1660 nob.
1224 1611 1318 1668 Porro,

219 1676 337 1724 nonnulli
354 1673 429 1724 codd.
447 1682 475 1722 et
492 1675 553 1724 edd.
572 1677 639 1724 illam
658 1677 728 1733 mlo:
747 1685 800 1726 tres
813 1677 887 1725 Vati.
908 1680 935 1724 et
954 1675 1048 1724 salisb.
1064 1677 1126 1724 item
1139 1675 1197 1723 edd.
1210 1677 1318 1739 cuspin.

218 1739 335 1789 Sicbard.
348 1739 432 1788 Lirin.
444 1739 545 1802 Grypb.
558 1741 628 1802 bips.
639 1741 716 1790 Grut.
728 1741 840 1790 Putean.
851 1741 934 1790 Baun.
953 1741 1066 1801 Berneg.
1081 1739 1169 1789 Arntz.
1187 1747 1214 1788 et
1234 1741 1317 1790 Geso.

219 1804 286 1854 iiiam
304 1804 364 1852 nola.
399 1803 482 1852 Codd.
502 1805 563 1854 Vst.
581 1809 606 1854 4.
624 1812 651 1854 st
670 1806 843 1854 Schwaraian.
863 1811 891 1852 et
907 1804 967 1852 edd.
984 1805 1111 1868 quaedam,
1130 1804 1170 1866 qni
1190 1805 1319 1854 Censorem.

221 1868 340 1931 Denique
352 1868 378 1916 in
390 1866 481 1918 iisdern
493 1867 570 1917 codd.
580 1884 644 1930 sepe
654 1870 812 1918 stantun-5
830 1869 944 1917 Liberam
952 1873 986 1916 est
998 1874 1077 1918 antem
1088 1867 1248 1916 samaiae.-
1266 1869 1318 1918 noio

219 1946 272 1981 essm
281 1933 370 1994 eligere
383 1933 474 1982 Pater.
490 1933 498 1960 ‘
511 1932 592 1981 Locus
605 1941 723 1982 vexatus.
751 1933 817 1982 Mss.
829 1947 916 1981 omues
929 1941 955 1979 et
968 1932 1029 1981 edd.
1048 1933 1176 1982 nonnullae
1196 1934 1320 1995 antiqua,
1403 1967 1405 1972 -

219 1997 333 2045 Liberum
344 2000 378 2045 esi
390 2003 470 2044 antem
480 1995 636 2056 discriminis,
648 1997 665 2045 i.
678 2011 702 2045 e.
713 1995 823 2045 liberum
835 2012 849 2044 a
860 1997 984 2056 periculo.
1007 1995 1058 2045 Sed
1067 1996 1215 2049 Catanaeus,
1227 1996 1319 2058 Aldus,

219 2060 237 2109 J
240 2070 310 2120 unta,
321 2060 455 2121 Stephani,
465 2059 608 2116 Livineius,
622 2060 733 2123 Lipsius,
744 2061 884 2115 Gruterus,
896 2060 1024 2119 Gravius,
1037 2060 1178 2120 Gesnerus,
1189 2061 1319 2110 Scbuars.

221 2139 268 2186 pro
279 2125 422 2172 discriminis
433 2124 530 2172 babent
541 2124 681 2186 disceptanti
692 2125 789 2182 disere5
805 2123 930 2172 Arutzen.
947 2139 1008 2173 vero
1028 2133 1166 2187 utrumque
1183 2125 1258 2173 simul
1276 2139 1321 2172 ex·

217 2189 301 2237 bibuit
318 2188 463 2236 discriminis
483 2188 625 2249 disceptanti
633 2190 718 2237 dicere.
753 2189 850 2238 Verum
862 2187 1006 2236 discriminis
1014 2186 1091 2236 facile
1104 2189 1165 2236 oriri
1183 2189 1270 2251 potuit
1287 2203 1321 2236 ex

220 2251 372 2314 disceptanti,
391 2252 526 2300 commode
538 2259 609 2300 certe
620 2251 710 2301 abesse
728 2260 816 2314 potest
831 2253 863 2300 ab
875 2252 900 2300 b.
912 2253 929 2300 l.
962 2252 1012 2300 Sed
1032 2253 1088 2314 pius
1106 2254 1203 2312 negotii
1222 2251 1322 2302 faciunt

220 2316 303 2363 verba
314 2315 459 2377 sequentia.
492 2316 627 2366 Quaeritur
638 2317 705 2365 enim
718 2317 839 2378 primunr,
857 2325 1010 2364 utrumnum
1032 2318 1097 2364 Mss.
1113 2318 1215 2365 Vaticc.
1235 2316 1323 2366 Paris.

222 2379 317 2428 venet.
331 2379 422 2428 salisb.
436 2379 549 2441 Gnelpb.
559 2379 687 2428 Schwara.
697 2387 725 2428 et
737 2381 799 2429 edd.
812 2381 920 2443 Cuspio.
941 2387 968 2429 et
986 2380 1115 2429 subirara.
1136 2380 1274 2444 legendnm
1287 2381 1322 2428 sit

225 2441 283 2506 Volo
294 2459 355 2501 eum,
374 2458 405 2492 an
420 2458 477 2491 crini
493 2443 595 2507 reliquis
616 2445 688 2492 libris
705 2446 767 2492 Nolo
784 2459 844 2493 eam.
879 2444 983 2492 Deinde
1001 2445 1159 2507 disputatur,
1176 2460 1226 2508 quo
1245 2459 1322 2493 sensu

221 2508 353 2570 disceptans
371 2508 415 2556 ilio
435 2509 574 2570 capiendus
593 2508 642 2570 ait;
658 2509 839 2571 ‘disceptare’
856 2509 923 2556 enirn
935 2517 963 2556 ct
974 2509 1006 2557 de
1014 2509 1104 2572 judice
1116 2520 1142 2557 et
1153 2509 1185 2558 de
1197 2510 1321 2570 litiganti·

223 2571 270 2618 bus
283 2572 322 2619 dr.
350 2571 410 2620 Vid.
420 2577 517 2634 praeter
529 2573 659 2621 Schwara.
671 2573 704 2620 ad
717 2573 741 2623 lt.
753 2575 770 2624 l.
783 2573 854 2621 Clau.
874 2573 929 2622 Cic.
947 2572 1076 2620 Scbwnrz.
1092 2573 1166 2622 intel.
1185 2584 1323 2636 praetorem

223 2634 288 2696 fisci,
304 2635 335 2684 ad
348 2650 423 2698 quern
435 2637 523 2685 dicere
534 2637 636 2685 licuerit
648 2639 772 2700 litiganti,
788 2637 845 2686 Volo
862 2652 923 2698 eam,
939 2637 1006 2684 bnnc
1018 2638 1059 2684 vei
1073 2637 1153 2693 iilum,
1163 2653 1245 2685 carrsae
1258 2652 1322 2686 ureae

223 2703 422 2749 moderatorem.
456 2701 511 2762 Ego
532 2715 593 2749 vero
612 2711 685 2750 tneor
704 2703 775 2762 Nola,
791 2701 860 2765 qrrod
880 2701 1012 2762 postulant
1029 2716 1102 2764 seqq.
1119 2701 1210 2763 qrribns
1226 2701 1324 2750 Orator

222 2763 312 2813 laudat
322 2766 430 2826 gratiam
441 2766 546 2828 Trajani
559 2780 626 2828 eant,
641 2781 691 2830 qun
702 2767 783 2829 ipsius
803 2764 935 2813 beneficiis
954 2771 982 2813 et
1000 2779 1046 2812 non
1064 2766 1102 2815 nti
1116 2764 1212 2815 licent!
1229 2765 1325 2826 Gierig.

720 2907 827 2956 Notat

224 3002 365 3064 gendorunr
385 3001 513 3064 judicum·
545 3003 648 3052 Praetor
668 3003 692 3050 iu
712 3017 753 3050 nr·
796 3010 836 3050 tus
853 3009 880 3051 et
897 3001 1024 3059 libertas‚’
1043 3002 1068 3052 id
1090 3011 1141 3064 est,
1159 3004 1325 3055 easdemiori

224 3093 283 3129 nant
296 3079 454 3141 conjiciebat
468 3093 556 3128 eornm
568 3082 680 3136 nomina,
693 3093 755 3142 qrros
794 3079 866 3142 leges
878 3078 1013 3127 observant
1024 3081 1156 3143 princeps,
1167 3088 1194 3129 et
1204 3081 1270 3129 liber
1280 3096 1325 3144 po·

224 3153 256 3204 ad
275 3154 376 3218 judicia
397 3155 455 3218 ejus
477 3153 536 3202 enni
565 3155 698 3216 elegisset,
725 3167 755 3202 ac
797 3156 881 3218 puina.

225 3237 297 3279 sorte
310 3245 367 3278 enm
380 3228 508 3278 educebat
525 3243 669 3283 numerum,
681 3242 756 3291 quern
832 3229 944 3291 ‘septas
962 3231 1160 3294 vincitnrfiscus]
1177 3231 1234 3280 ‘Sit
1247 3233 1326 3281 inter·

196 3307 268 3354 ·lex
281 3306 337 3367 ipsa
350 3305 545 3367 praescribebat.
581 3304 681 3352 Plinius
695 3318 757 3351 vero
798 3307 857 3354 drrrn
874 3320 951 3354 cansa
970 3309 1036 3355 mais
1047 3305 1111 3364 fisci,
1122 3314 1151 3354 ut
1164 3306 1244 3356 bonos
1257 3309 1327 3369 prin·

225 3379 315 3429 laudet
326 3381 366 3427 bic
377 3380 485 3440 Trajani
497 3379 694 3440 humanitatem,
705 3381 757 3442 quii,
798 3396 859 3444 ceps
872 3397 928 3430 esse
941 3380 1077 3445 rideatur,'
1087 3383 1203 3432 Cassiod.
1212 3397 1231 3432 r.
1242 3385 1326 3432 tired

227 3456 353 3506 absimilis
377 3454 501 3517 tyrannis,
516 3454 609 3518 quibus
627 3471 680 3504 rnos
701 3465 758 3506 erat
798 3456 1028 3506 fisciadvocatum·
1051 3457 1266 3520 Larrdsturapud
1278 3459 1327 3508 Ca·
1380 3504 1385 3518 ,

228 3530 254 3578 in
274 3531 358 3578 carreis
375 3529 506 3578 fiscalibus
522 3531 674 3580 subornatos
689 3532 758 3594 jndi·
800 3531 1110 3594 pitolinumM.Autouini
1118 3534 1261 3596 philosophi
1271 3533 1328 3583 stirs·¹

226 3619 271 3655 ces
291 3619 434 3668 apponere,
455 3605 584 3654 actoribus
604 3607 656 3654 stris
680 3607 759 3655 nihilo
800 3607 919 3666 tinentia,
941 3607 1008 3670 quod
1030 3609 1055 3656 ia
1071 3608 1176 3670 judiciis
1198 3623 1327 3673 nunquan

227 3682 310 3731 secins
322 3690 398 3747 atque
420 3681 514 3730 ceteris
533 3682 636 3732 volebat
651 3693 721 3732 sorte
732 3691 759 3732 st
799 3682 860 3730 fiseo
872 3681 981 3732 faveret.

227 3773 292 3807 urna
299 3758 403 3822 jndices
415 3757 554 3818 assignari:
573 3757 642 3807 facta
654 3760 759 3822 insuper
830 3756 839 3801 l
856 3757 1024 3807 Procuratores
1035 3757 1117 3818 imber]
1132 3757 1161 3806 Si
1175 3759 1231 3822 quis
1244 3759 1329 3808 ensa·

229 3837 325 3901 populo
339 3840 471 3898 potestate
489 3836 557 3883 bunc
570 3838 609 3883 rel
629 3836 700 3885 illum
720 3852 759 3886 re·
800 3835 833 3881 ris
846 3834 927 3882 actori
945 3833 1014 3882 litem
1027 3835 1180 3896 intentaret,
1190 3835 1330 3884 cansabaeo

223 3911 345 3975 jiciendi,
366 3911 387 3958 ai
406 3917 452 3959 aut
476 3911 579 3959 nimium
598 3912 704 3961 timidus
723 3911 760 3961 t'o-
800 3911 868 3972 apud
891 3918 1084 3972 procuratorem
1108 3910 1217 3960 Caesaris
1235 3912 1330 3974 ageba·

228 3996 279 4050 ret,
290 4003 336 4036 nec
354 3987 454 4037 illorum
475 3996 619 4050 temporum
638 3989 760 4038 libertate
801 3994 860 4034 tur:
878 3987 915 4034 sin
927 3995 998 4038 actor
1009 3985 1146 4048 ipselitern
1156 3987 1330 4036 alicuimore·

230 4064 269 4122 ati
295 4071 393 4126 posset,
415 4071 458 4112 aut
480 4065 585 4112 nimium
607 4063 760 4126 imperatori
800 4062 854 4120 bat,
876 4075 953 4110 cansa
976 4059 1008 4108 ad
1033 4062 1173 4123 provinciae
1193 4061 1331 4125 praesidem

232 4137 351 4185 addictus
370 4137 511 4186 videretur.
544 4139 759 4190 Quaremortad·
801 4140 958 4204 pertinebat.
991 4139 1092 4189 Plinius
1103 4140 1235 4189 autemut
1247 4141 1332 4189 Corsa·

230 4211 279 4278 dit,
301 4211 414 4264 ‘Eodem
432 4211 489 4262 foro
508 4219 615 4268 utuntur
629 4213 760 4277 principa·
802 4216 835 4268 ris
859 4220 1039 4280 procuratores
1062 4224 1115 4265 taur
1138 4216 1246 4278 integrre
1268 4213 1332 4284 fidel
