<?xml version="1.0" encoding="UTF-8"?>
<!DOCTYPE html PUBLIC "-//W3C//DTD XHTML 1.0 Transitional//EN"
    "http://www.w3.org/TR/xhtml1/DTD/xhtml1-transitional.dtd">
<html xmlns="http://www.w3.org/1999/xhtml" xml:lang="en" lang="en">
 <head>
  <title>
</title>
<meta http-equiv="Content-Type" content="text/html;charset=utf-8" />
  <meta name='ocr-system' content='tesseract 3.04.00' />
  <meta name='ocr-capabilities' content='ocr_page ocr_carea ocr_par ocr_line ocrx_word'/>
</head>
<body>
  <div class='ocr_page' id='page_1' title='image "./panegyriciveter02baungoog_0164.png"; bbox 0 0 3100 4854; ppageno 0'>
   <div class='ocr_carea' id='block_1_1' title="bbox 569 368 1324 446">
    <p class='ocr_par' dir='ltr' id='par_1_1' title="bbox 569 368 1324 446">
     <span class='ocr_line' id='line_1_1' title="bbox 569 368 1324 446; baseline 0.008 -6"><span class='ocrx_word' id='word_1_1' title='bbox 569 391 852 441; x_wconf 80' lang='lat' dir='ltr'><strong>ranncrareus.</strong></span> <span class='ocrx_word' id='word_1_2' title='bbox 897 394 924 440; x_wconf 92' lang='lat'><strong>1.</strong></span> <span class='ocrx_word' id='word_1_3' title='bbox 943 376 977 438; x_wconf 73' lang='lat' dir='ltr'><strong>tl.</strong></span> <span class='ocrx_word' id='word_1_4' title='bbox 1254 368 1324 446; x_wconf 75' lang='lat'><strong>155</strong></span> 
     </span>
    </p>
   </div>
   <div class='ocr_carea' id='block_1_2' title="bbox 222 532 1319 1028">
    <p class='ocr_par' dir='ltr' id='par_1_2' title="bbox 222 532 1319 1028">
     <span class='ocr_line' id='line_1_2' title="bbox 222 532 1319 620; baseline 0.005 -21"><span class='ocrx_word' id='word_1_5' title='bbox 222 535 348 600; x_wconf 87' lang='lat' dir='ltr'><strong>nialein</strong></span> <span class='ocrx_word' id='word_1_6' title='bbox 362 532 489 612; x_wconf 86' lang='lat' dir='ltr'><strong>torum,¹</strong></span> <span class='ocrx_word' id='word_1_7' title='bbox 514 535 575 600; x_wconf 82' lang='lat' dir='ltr'><strong>sed</strong></span> <span class='ocrx_word' id='word_1_8' title='bbox 599 542 674 602; x_wconf 85' lang='lat' dir='ltr'><strong>ante</strong></span> <span class='ocrx_word' id='word_1_9' title='bbox 699 536 887 619; x_wconf 56' lang='lat' dir='ltr'><strong>pulvinata</strong></span> <span class='ocrx_word' id='word_1_10' title='bbox 908 535 1007 602; x_wconf 79' lang='lat' dir='ltr'><strong>lovis</strong></span> <span class='ocrx_word' id='word_1_11' title='bbox 1023 537 1143 620; x_wconf 86' lang='lat' dir='ltr'><strong>optimi</strong></span> <span class='ocrx_word' id='word_1_12' title='bbox 1166 538 1319 616; x_wconf 82' lang='lat' dir='ltr'><strong>maximi,</strong></span> 
     </span>
     <span class='ocr_line' id='line_1_3' title="bbox 224 636 1319 722; baseline 0.004 -22"><span class='ocrx_word' id='word_1_13' title='bbox 224 636 363 721; x_wconf 84' lang='lat' dir='ltr'><strong>adoptio</strong></span> <span class='ocrx_word' id='word_1_14' title='bbox 379 641 514 721; x_wconf 85' lang='lat' dir='ltr'><strong>peracta</strong></span> <span class='ocrx_word' id='word_1_15' title='bbox 527 644 600 704; x_wconf 78' lang='lat' dir='ltr'><strong>esti</strong></span> <span class='ocrx_word' id='word_1_16' title='bbox 625 639 694 722; x_wconf 78' lang='lat' dir='ltr'><strong>qna</strong></span> <span class='ocrx_word' id='word_1_17' title='bbox 714 638 849 702; x_wconf 86' lang='lat' dir='ltr'><strong>tandem</strong></span> <span class='ocrx_word' id='word_1_18' title='bbox 870 657 935 704; x_wconf 87' lang='lat' dir='ltr'><strong>non</strong></span> <span class='ocrx_word' id='word_1_19' title='bbox 958 639 1103 702; x_wconf 83' lang='lat' dir='ltr'><strong>servitus</strong></span> <span class='ocrx_word' id='word_1_20' title='bbox 1119 644 1245 718; x_wconf 83' lang='lat' dir='ltr'><strong>nostra,</strong></span> <span class='ocrx_word' id='word_1_21' title='bbox 1260 639 1319 704; x_wconf 86' lang='lat' dir='ltr'><strong>sed</strong></span> 
     </span>
     <span class='ocr_line' id='line_1_4' title="bbox 222 738 1319 817; baseline 0.005 -16"><span class='ocrx_word' id='word_1_22' title='bbox 222 738 374 817; x_wconf 78' lang='lat' dir='ltr'><strong>libertas,</strong></span> <span class='ocrx_word' id='word_1_23' title='bbox 398 747 434 804; x_wconf 86' lang='lat' dir='ltr'><strong>et</strong></span> <span class='ocrx_word' id='word_1_24' title='bbox 449 740 554 817; x_wconf 86' lang='lat' dir='ltr'><strong>salus,</strong></span> <span class='ocrx_word' id='word_1_25' title='bbox 577 747 612 804; x_wconf 84' lang='lat' dir='ltr'><strong>ct</strong></span> <span class='ocrx_word' id='word_1_26' title='bbox 627 740 801 814; x_wconf 55' lang='lat' dir='ltr'><strong>securitas</strong></span> <span class='ocrx_word' id='word_1_27' title='bbox 827 739 1037 804; x_wconf 75' lang='lat' dir='ltr'><strong>fundabatur.</strong></span> <span class='ocrx_word' id='word_1_28' title='bbox 1081 739 1113 803; x_wconf 77' lang='lat'><strong>2.</strong></span> <span class='ocrx_word' id='word_1_29' title='bbox 1136 740 1208 804; x_wconf 88' lang='lat' dir='ltr'>Sibi</span> <span class='ocrx_word' id='word_1_30' title='bbox 1231 742 1319 806; x_wconf 89' lang='lat' dir='ltr'><strong>enim</strong></span> 
     </span>
     <span class='ocr_line' id='line_1_5' title="bbox 224 839 1319 924; baseline 0.002 -20"><span class='ocrx_word' id='word_1_31' title='bbox 224 841 285 906; x_wconf 91' lang='lat' dir='ltr'><strong>Dii</strong></span> <span class='ocrx_word' id='word_1_32' title='bbox 295 840 436 922; x_wconf 84' lang='lat' dir='ltr'><strong>gloriam</strong></span> <span class='ocrx_word' id='word_1_33' title='bbox 450 839 545 906; x_wconf 90' lang='lat' dir='ltr'><strong>illam</strong></span> <span class='ocrx_word' id='word_1_34' title='bbox 557 840 828 907; x_wconf 68' lang='lat' dir='ltr'><strong>vindicaverunt}</strong></span> <span class='ocrx_word' id='word_1_35' title='bbox 849 841 966 906; x_wconf 88' lang='lat' dir='ltr'><strong>burum</strong></span> <span class='ocrx_word' id='word_1_36' title='bbox 984 859 1083 924; x_wconf 84' lang='lat' dir='ltr'><strong>opus,</strong></span> <span class='ocrx_word' id='word_1_37' title='bbox 1105 841 1221 906; x_wconf 88' lang='lat' dir='ltr'><strong>horum</strong></span> <span class='ocrx_word' id='word_1_38' title='bbox 1236 842 1319 906; x_wconf 91' lang='lat' dir='ltr'><strong>illud</strong></span> 
     </span>
     <span class='ocr_line' id='line_1_6' title="bbox 223 939 1319 1028; baseline 0.003 -24"><span class='ocrx_word' id='word_1_39' title='bbox 223 942 407 1025; x_wconf 85' lang='lat' dir='ltr'><strong>imperium.</strong></span> <span class='ocrx_word' id='word_1_40' title='bbox 451 941 565 1008; x_wconf 86' lang='lat' dir='ltr'><strong>Nerva</strong></span> <span class='ocrx_word' id='word_1_41' title='bbox 578 949 705 1008; x_wconf 74' lang='lat' dir='ltr'><strong>mutum</strong></span> <span class='ocrx_word' id='word_1_42' title='bbox 719 943 872 1008; x_wconf 69' lang='lat' dir='ltr'><strong>ministri</strong></span> <span class='ocrx_word' id='word_1_43' title='bbox 885 941 960 1008; x_wconf 86' lang='lat' dir='ltr'><strong>fuit.</strong></span> <span class='ocrx_word' id='word_1_44' title='bbox 1008 939 1133 1027; x_wconf 80' lang='lat' dir='ltr'><em>Utique,</em></span> <span class='ocrx_word' id='word_1_45' title='bbox 1150 945 1209 1026; x_wconf 91' lang='lat' dir='ltr'><strong>qui</strong></span> <span class='ocrx_word' id='word_1_46' title='bbox 1223 941 1319 1028; x_wconf 82' lang='lat' dir='ltr'><strong>adop-</strong></span> 
     </span>
    </p>
   </div>
   <div class='ocr_carea' id='block_1_3' title="bbox 681 1123 865 1144">
    <p class='ocr_par' dir='ltr' id='par_1_3' title="bbox 681 1123 865 1144">
     <span class='ocr_line' id='line_1_7' title="bbox 681 1123 865 1144; baseline 0 0"><span class='ocrx_word' id='word_1_47' title='bbox 681 1123 865 1144; x_wconf 61' lang='lat' dir='ltr'><strong>WOO</strong></span> 
     </span>
    </p>
   </div>
   <div class='ocr_carea' id='block_1_4' title="bbox 214 1251 1359 3818">
    <p class='ocr_par' dir='ltr' id='par_1_4' title="bbox 214 1251 1359 3818">
     <span class='ocr_line' id='line_1_8' title="bbox 222 1251 1318 1320; baseline 0.005 -20"><span class='ocrx_word' id='word_1_48' title='bbox 222 1251 249 1300; x_wconf 91' lang='lat' dir='ltr'><strong>iu</strong></span> <span class='ocrx_word' id='word_1_49' title='bbox 261 1251 376 1314; x_wconf 74' lang='lat' dir='ltr'><strong>legitima</strong></span> <span class='ocrx_word' id='word_1_50' title='bbox 390 1252 491 1302; x_wconf 83' lang='lat' dir='ltr'><strong>ratione</strong></span> <span class='ocrx_word' id='word_1_51' title='bbox 502 1253 575 1318; x_wconf 82' lang='lat' dir='ltr'><strong>seqsri</strong></span> <span class='ocrx_word' id='word_1_52' title='bbox 587 1253 733 1314; x_wconf 82' lang='lat' dir='ltr'><strong>debuisset,</strong></span> <span class='ocrx_word' id='word_1_53' title='bbox 747 1255 793 1306; x_wconf 81' lang='lat' dir='ltr'><strong>ssd</strong></span> <span class='ocrx_word' id='word_1_54' title='bbox 803 1263 831 1306; x_wconf 86' lang='lat' dir='ltr'><strong>et</strong></span> <span class='ocrx_word' id='word_1_55' title='bbox 842 1254 904 1304; x_wconf 82' lang='lat' dir='ltr'><strong>alibi</strong></span> <span class='ocrx_word' id='word_1_56' title='bbox 916 1251 1032 1304; x_wconf 84' lang='lat' dir='ltr'><strong>ridemus</strong></span> <span class='ocrx_word' id='word_1_57' title='bbox 1044 1259 1097 1303; x_wconf 85' lang='lat' dir='ltr'><strong>tsm</strong></span> <span class='ocrx_word' id='word_1_58' title='bbox 1107 1253 1231 1318; x_wconf 82' lang='lat' dir='ltr'><strong>Plinium,</strong></span> <span class='ocrx_word' id='word_1_59' title='bbox 1243 1269 1318 1320; x_wconf 86' lang='lat' dir='ltr'><strong>quarn</strong></span> 
     </span>
     <span class='ocr_line' id='line_1_9' title="bbox 222 1315 1320 1384; baseline 0.003 -20"><span class='ocrx_word' id='word_1_60' title='bbox 222 1316 285 1366; x_wconf 84' lang='lat' dir='ltr'><strong>alios</strong></span> <span class='ocrx_word' id='word_1_61' title='bbox 297 1315 357 1365; x_wconf 89' lang='lat' dir='ltr'><strong>inde</strong></span> <span class='ocrx_word' id='word_1_62' title='bbox 369 1316 521 1367; x_wconf 64' lang='lat' dir='ltr'><strong>aberrasse?</strong></span> <span class='ocrx_word' id='word_1_63' title='bbox 539 1319 635 1380; x_wconf 80' lang='lat' dir='ltr'><strong>Gierig.</strong></span> <span class='ocrx_word' id='word_1_64' title='bbox 667 1321 737 1369; x_wconf 84' lang='lat' dir='ltr'><strong>Jcois</strong></span> <span class='ocrx_word' id='word_1_65' title='bbox 745 1320 829 1384; x_wconf 77' lang='lat' dir='ltr'><strong>optimi</strong></span> <span class='ocrx_word' id='word_1_66' title='bbox 840 1319 945 1369; x_wconf 74' lang='lat' dir='ltr'><strong>monimo</strong></span> <span class='ocrx_word' id='word_1_67' title='bbox 954 1319 1048 1381; x_wconf 79' lang='lat' dir='ltr'><strong>adoptio</strong></span> <span class='ocrx_word' id='word_1_68' title='bbox 1059 1318 1122 1367; x_wconf 84' lang='lat' dir='ltr'><strong>Vnt.</strong></span> <span class='ocrx_word' id='word_1_69' title='bbox 1130 1324 1153 1367; x_wconf 86' lang='lat'><strong>1.</strong></span> <span class='ocrx_word' id='word_1_70' title='bbox 1165 1327 1192 1368; x_wconf 86' lang='lat' dir='ltr'><strong>et</strong></span> <span class='ocrx_word' id='word_1_71' title='bbox 1202 1321 1320 1369; x_wconf 74' lang='lat' dir='ltr'><strong>Schwar-</strong></span> 
     </span>
     <span class='ocr_line' id='line_1_10' title="bbox 222 1380 1319 1447; baseline 0.003 -18"><span class='ocrx_word' id='word_1_72' title='bbox 222 1380 288 1430; x_wconf 83' lang='lat' dir='ltr'><strong>nian.</strong></span> <span class='ocrx_word' id='word_1_73' title='bbox 306 1386 330 1430; x_wconf 87' lang='lat' dir='ltr'><strong>et</strong></span> <span class='ocrx_word' id='word_1_74' title='bbox 347 1382 462 1431; x_wconf 70' lang='lat' dir='ltr'><strong>securim</strong></span> <span class='ocrx_word' id='word_1_75' title='bbox 470 1382 617 1440; x_wconf 80' lang='lat' dir='ltr'><strong>fundebatur</strong></span> <span class='ocrx_word' id='word_1_76' title='bbox 627 1385 740 1447; x_wconf 85' lang='lat' dir='ltr'><strong>Guelplt.</strong></span> <span class='ocrx_word' id='word_1_77' title='bbox 755 1393 782 1433; x_wconf 86' lang='lat' dir='ltr'><strong>et</strong></span> <span class='ocrx_word' id='word_1_78' title='bbox 799 1384 1022 1434; x_wconf 68' lang='lat' dir='ltr'><strong>Senectutem-n</strong></span> <span class='ocrx_word' id='word_1_79' title='bbox 1039 1381 1093 1430; x_wconf 79' lang='lat' dir='ltr'><strong>Sibi</strong></span> <span class='ocrx_word' id='word_1_80' title='bbox 1103 1396 1124 1430; x_wconf 88' lang='lat' dir='ltr'><strong>e.</strong></span> <span class='ocrx_word' id='word_1_81' title='bbox 1141 1384 1244 1444; x_wconf 75' lang='lat' dir='ltr'><strong>glorium</strong></span> <span class='ocrx_word' id='word_1_82' title='bbox 1254 1385 1319 1432; x_wconf 77' lang='lat' dir='ltr'><strong>illurn</strong></span> 
     </span>
     <span class='ocr_line' id='line_1_11' title="bbox 225 1444 1320 1510; baseline 0.004 -17"><span class='ocrx_word' id='word_1_83' title='bbox 225 1444 268 1493; x_wconf 77' lang='lat' dir='ltr'><strong>liii</strong></span> <span class='ocrx_word' id='word_1_84' title='bbox 278 1444 458 1495; x_wconf 73' lang='lat' dir='ltr'><strong>vindicaverunt</strong></span> <span class='ocrx_word' id='word_1_85' title='bbox 468 1445 546 1495; x_wconf 89' lang='lat' dir='ltr'><strong>codd.</strong></span> <span class='ocrx_word' id='word_1_86' title='bbox 557 1448 630 1496; x_wconf 84' lang='lat' dir='ltr'><strong>Vatt.</strong></span> <span class='ocrx_word' id='word_1_87' title='bbox 642 1450 726 1498; x_wconf 88' lang='lat' dir='ltr'><strong>Paris.</strong></span> <span class='ocrx_word' id='word_1_88' title='bbox 739 1448 834 1498; x_wconf 83' lang='lat' dir='ltr'><strong>venet.</strong></span> <span class='ocrx_word' id='word_1_89' title='bbox 845 1449 939 1498; x_wconf 78' lang='lat' dir='ltr'><strong>salisb.</strong></span> <span class='ocrx_word' id='word_1_90' title='bbox 948 1455 974 1496; x_wconf 86' lang='lat' dir='ltr'><strong>et</strong></span> <span class='ocrx_word' id='word_1_91' title='bbox 984 1447 1157 1496; x_wconf 81' lang='lat' dir='ltr'><strong>Schwarrian.</strong></span> <span class='ocrx_word' id='word_1_92' title='bbox 1169 1461 1218 1496; x_wconf 90' lang='lat' dir='ltr'><strong>uec</strong></span> <span class='ocrx_word' id='word_1_93' title='bbox 1229 1448 1320 1510; x_wconf 84' lang='lat' dir='ltr'><strong>displi-</strong></span> 
     </span>
     <span class='ocr_line' id='line_1_12' title="bbox 222 1507 1319 1562; baseline 0.006 -7"><span class='ocrx_word' id='word_1_94' title='bbox 222 1515 265 1557; x_wconf 87' lang='lat' dir='ltr'><strong>cet</strong></span> <span class='ocrx_word' id='word_1_95' title='bbox 283 1507 428 1558; x_wconf 82' lang='lat' dir='ltr'><strong>Schwarsio</strong></span> <span class='ocrx_word' id='word_1_96' title='bbox 447 1511 498 1558; x_wconf 86' lang='lat' dir='ltr'><strong>ista</strong></span> <span class='ocrx_word' id='word_1_97' title='bbox 516 1511 653 1561; x_wconf 81' lang='lat' dir='ltr'><strong>verborum</strong></span> <span class='ocrx_word' id='word_1_98' title='bbox 672 1513 817 1562; x_wconf 84' lang='lat' dir='ltr'><strong>collocatio.</strong></span> <span class='ocrx_word' id='word_1_99' title='bbox 851 1512 945 1561; x_wconf 83' lang='lat' dir='ltr'><strong>Putas.</strong></span> <span class='ocrx_word' id='word_1_100' title='bbox 962 1511 1123 1561; x_wconf 71' lang='lat' dir='ltr'><strong>uenditorem.</strong></span> <span class='ocrx_word' id='word_1_101' title='bbox 1157 1512 1223 1560; x_wconf 86' lang='lat' dir='ltr'><strong>Exn.</strong></span> <span class='ocrx_word' id='word_1_102' title='bbox 1243 1511 1319 1562; x_wconf 92' lang='lat' dir='ltr'><strong>Voss.</strong></span> 
     </span>
     <span class='ocr_line' id='line_1_13' title="bbox 222 1573 1319 1640; baseline 0.005 -19"><span class='ocrx_word' id='word_1_103' title='bbox 222 1573 426 1623; x_wconf 76' lang='lat' dir='ltr'><strong>Nmutomersel</strong></span> <span class='ocrx_word' id='word_1_104' title='bbox 438 1574 553 1624; x_wconf 72' lang='lat' dir='ltr'><strong>minister.</strong></span> <span class='ocrx_word' id='word_1_105' title='bbox 588 1576 708 1640; x_wconf 79' lang='lat' dir='ltr'><strong>Vulgstre</strong></span> <span class='ocrx_word' id='word_1_106' title='bbox 720 1577 837 1640; x_wconf 76' lang='lat' dir='ltr'><strong>quaedam</strong></span> <span class='ocrx_word' id='word_1_107' title='bbox 849 1576 910 1626; x_wconf 79' lang='lat' dir='ltr'><strong>edd.</strong></span> <span class='ocrx_word' id='word_1_108' title='bbox 924 1576 1004 1625; x_wconf 86' lang='lat' dir='ltr'><strong>etiarn</strong></span> <span class='ocrx_word' id='word_1_109' title='bbox 1021 1576 1107 1624; x_wconf 80' lang='lat' dir='ltr'><strong>tumen.</strong></span> <span class='ocrx_word' id='word_1_110' title='bbox 1140 1579 1148 1602; x_wconf 75' lang='lat'>⁸</span> <span class='ocrx_word' id='word_1_111' title='bbox 1164 1575 1259 1638; x_wconf 79' lang='lat' dir='ltr'><strong>Utique,</strong></span> <span class='ocrx_word' id='word_1_112' title='bbox 1277 1578 1319 1640; x_wconf 78' lang='lat' dir='ltr'><strong>qui</strong></span> 
     </span>
     <span class='ocr_line' id='line_1_14' title="bbox 221 1637 1319 1704; baseline 0.004 -20"><span class='ocrx_word' id='word_1_113' title='bbox 221 1638 355 1700; x_wconf 75' lang='lat' dir='ltr'><strong>adoptarat.</strong></span> <span class='ocrx_word' id='word_1_114' title='bbox 377 1637 420 1686; x_wconf 87' lang='lat' dir='ltr'><strong>Sic</strong></span> <span class='ocrx_word' id='word_1_115' title='bbox 430 1639 533 1688; x_wconf 88' lang='lat' dir='ltr'><strong>omnino</strong></span> <span class='ocrx_word' id='word_1_116' title='bbox 545 1641 768 1703; x_wconf 75' lang='lat' dir='ltr'><strong>legendum,sidit</strong></span> <span class='ocrx_word' id='word_1_117' title='bbox 779 1639 1037 1702; x_wconf 76' lang='lat' dir='ltr'><strong>Scbwarnius3011jus</strong></span> <span class='ocrx_word' id='word_1_118' title='bbox 1050 1638 1142 1700; x_wconf 81' lang='lat' dir='ltr'>codex,</span> <span class='ocrx_word' id='word_1_119' title='bbox 1154 1646 1218 1689; x_wconf 86' lang='lat' dir='ltr'><strong>utet</strong></span> <span class='ocrx_word' id='word_1_120' title='bbox 1230 1653 1319 1704; x_wconf 74' lang='lat' dir='ltr'><strong>margo</strong></span> 
     </span>
     <span class='ocr_line' id='line_1_15' title="bbox 222 1701 1359 1767; baseline 0.004 -17"><span class='ocrx_word' id='word_1_121' title='bbox 222 1701 344 1758; x_wconf 84' lang='lat' dir='ltr'><strong>Gudlaul,</strong></span> <span class='ocrx_word' id='word_1_122' title='bbox 361 1706 433 1764; x_wconf 80' lang='lat' dir='ltr'><strong>utque</strong></span> <span class='ocrx_word' id='word_1_123' title='bbox 451 1703 494 1752; x_wconf 85' lang='lat' dir='ltr'><strong>hic</strong></span> <span class='ocrx_word' id='word_1_124' title='bbox 509 1703 615 1754; x_wconf 87' lang='lat' dir='ltr'><strong>babent.</strong></span> <span class='ocrx_word' id='word_1_125' title='bbox 649 1707 714 1755; x_wconf 83' lang='lat' dir='ltr'><strong>Cum</strong></span> <span class='ocrx_word' id='word_1_126' title='bbox 732 1706 823 1756; x_wconf 86' lang='lat' dir='ltr'><strong>literas</strong></span> <span class='ocrx_word' id='word_1_127' title='bbox 838 1719 865 1754; x_wconf 86' lang='lat' dir='ltr'><strong>er</strong></span> <span class='ocrx_word' id='word_1_128' title='bbox 880 1706 918 1754; x_wconf 89' lang='lat' dir='ltr'><strong>sic</strong></span> <span class='ocrx_word' id='word_1_129' title='bbox 935 1706 1036 1767; x_wconf 80' lang='lat' dir='ltr'><strong>signare</strong></span> <span class='ocrx_word' id='word_1_130' title='bbox 1049 1703 1151 1752; x_wconf 84' lang='lat' dir='ltr'><strong>soleant</strong></span> <span class='ocrx_word' id='word_1_131' title='bbox 1169 1703 1277 1765; x_wconf 79' lang='lat' dir='ltr'><strong>librarii,</strong></span> <span class='ocrx_word' id='word_1_132' title='bbox 1289 1714 1319 1754; x_wconf 83' lang='lat' dir='ltr'><strong>nt</strong></span> <span class='ocrx_word' id='word_1_133' title='bbox 1352 1711 1359 1720; x_wconf 53' lang='lat'><strong>⁸</strong></span> 
     </span>
     <span class='ocr_line' id='line_1_16' title="bbox 221 1765 1319 1897; baseline -0.005 -21"><span class='ocrx_word' id='word_1_134' title='bbox 221 1765 1319 1897; x_wconf 61' lang='lat' dir='ltr'><strong>ttttltltttltltltttilt‘ttlnlittltlttlttlttlttttttitt:</strong></span> 
     </span>
     <span class='ocr_line' id='line_1_17' title="bbox 221 1868 1317 1962; baseline 0.005 -20"><span class='ocrx_word' id='word_1_135' title='bbox 221 1891 305 1946; x_wconf 74' lang='lat' dir='ltr'><strong>rerum</strong></span> <span class='ocrx_word' id='word_1_136' title='bbox 325 1895 397 1943; x_wconf 85' lang='lat' dir='ltr'><strong>malit</strong></span> <span class='ocrx_word' id='word_1_137' title='bbox 417 1895 456 1943; x_wconf 83' lang='lat' dir='ltr'><strong>vir</strong></span> <span class='ocrx_word' id='word_1_138' title='bbox 475 1895 648 1958; x_wconf 88' lang='lat' dir='ltr'><strong>doctissimus,</strong></span> <span class='ocrx_word' id='word_1_139' title='bbox 666 1901 707 1962; x_wconf 82' lang='lat' dir='ltr'><strong>qui</strong></span> <span class='ocrx_word' id='word_1_140' title='bbox 724 1868 943 1960; x_wconf 46' lang='lat' dir='ltr'><strong>adoptatum-’cum</strong></span> <span class='ocrx_word' id='word_1_141' title='bbox 958 1910 986 1952; x_wconf 76' lang='lat' dir='ltr'><strong>ss</strong></span> <span class='ocrx_word' id='word_1_142' title='bbox 1006 1901 1092 1956; x_wconf 84' lang='lat' dir='ltr'><strong>natur,</strong></span> <span class='ocrx_word' id='word_1_143' title='bbox 1104 1897 1146 1958; x_wconf 78' lang='lat' dir='ltr'><strong>qui</strong></span> <span class='ocrx_word' id='word_1_144' title='bbox 1160 1897 1317 1959; x_wconf 70' lang='lat' dir='ltr'><strong>adoptatum.</strong></span> 
     </span>
     <span class='ocr_line' id='line_1_18' title="bbox 221 1911 1317 2024; baseline 0.005 -19"><span class='ocrx_word' id='word_1_145' title='bbox 221 1957 384 2021; x_wconf 73' lang='lat' dir='ltr'><strong>Cogitabam,</strong></span> <span class='ocrx_word' id='word_1_146' title='bbox 395 1973 428 2007; x_wconf 89' lang='lat' dir='ltr'><strong>an</strong></span> <span class='ocrx_word' id='word_1_147' title='bbox 438 1957 506 2009; x_wconf 81' lang='lat' dir='ltr'><strong>forte</strong></span> <span class='ocrx_word' id='word_1_148' title='bbox 518 1960 597 2010; x_wconf 81' lang='lat' dir='ltr'><strong>inerit</strong></span> <span class='ocrx_word' id='word_1_149' title='bbox 608 1975 687 2024; x_wconf 78' lang='lat' dir='ltr'><strong>quum.</strong></span> <span class='ocrx_word' id='word_1_150' title='bbox 707 1963 840 2012; x_wconf 84' lang='lat' dir='ltr'><strong>voeabula</strong></span> <span class='ocrx_word' id='word_1_151' title='bbox 851 1911 1035 2024; x_wconf 68' lang='lat' dir='ltr'><strong>monosyllrdra‚</strong></span> <span class='ocrx_word' id='word_1_152' title='bbox 1043 1960 1317 2024; x_wconf 84' lang='lat' dir='ltr'><strong>quorumprincipirun</strong></span> 
     </span>
     <span class='ocr_line' id='line_1_19' title="bbox 221 2023 1317 2091; baseline 0.005 -21"><span class='ocrx_word' id='word_1_153' title='bbox 221 2030 261 2070; x_wconf 83' lang='lat' dir='ltr'><strong>ost</strong></span> <span class='ocrx_word' id='word_1_154' title='bbox 273 2039 298 2086; x_wconf 82' lang='lat' dir='ltr'><strong>q,</strong></span> <span class='ocrx_word' id='word_1_155' title='bbox 310 2023 428 2072; x_wconf 90' lang='lat' dir='ltr'><strong>omnibus</strong></span> <span class='ocrx_word' id='word_1_156' title='bbox 439 2023 521 2072; x_wconf 88' lang='lat' dir='ltr'><strong>modis</strong></span> <span class='ocrx_word' id='word_1_157' title='bbox 533 2025 634 2074; x_wconf 79' lang='lat' dir='ltr'><strong>misceri</strong></span> <span class='ocrx_word' id='word_1_158' title='bbox 648 2035 675 2075; x_wconf 88' lang='lat' dir='ltr'><strong>et</strong></span> <span class='ocrx_word' id='word_1_159' title='bbox 687 2025 809 2075; x_wconf 78' lang='lat' dir='ltr'><strong>confundi</strong></span> <span class='ocrx_word' id='word_1_160' title='bbox 820 2027 846 2074; x_wconf 92' lang='lat' dir='ltr'><strong>in</strong></span> <span class='ocrx_word' id='word_1_161' title='bbox 857 2025 929 2074; x_wconf 91' lang='lat' dir='ltr'><strong>libris</strong></span> <span class='ocrx_word' id='word_1_162' title='bbox 941 2025 1065 2088; x_wconf 76' lang='lat' dir='ltr'><strong>antiquis,</strong></span> <span class='ocrx_word' id='word_1_163' title='bbox 1073 2038 1123 2080; x_wconf 90' lang='lat' dir='ltr'><strong>nou</strong></span> <span class='ocrx_word' id='word_1_164' title='bbox 1135 2027 1265 2087; x_wconf 70' lang='lat' dir='ltr'><strong>ignorant,</strong></span> <span class='ocrx_word' id='word_1_165' title='bbox 1273 2025 1317 2091; x_wconf 86' lang='lat' dir='ltr'><strong>qui</strong></span> 
     </span>
     <span class='ocr_line' id='line_1_20' title="bbox 221 2087 1317 2152; baseline 0.003 -18"><span class='ocrx_word' id='word_1_166' title='bbox 221 2099 265 2134; x_wconf 81' lang='lat' dir='ltr'><strong>eoa</strong></span> <span class='ocrx_word' id='word_1_167' title='bbox 285 2095 438 2136; x_wconf 73' lang='lat' dir='ltr'>tractarunt.</span> <span class='ocrx_word' id='word_1_168' title='bbox 480 2088 617 2152; x_wconf 78' lang='lat' dir='ltr'><strong>Ingeniosc</strong></span> <span class='ocrx_word' id='word_1_169' title='bbox 636 2091 803 2144; x_wconf 81' lang='lat' dir='ltr'><strong>Heumannus</strong></span> <span class='ocrx_word' id='word_1_170' title='bbox 822 2103 903 2152; x_wconf 87' lang='lat' dir='ltr'><strong>meus,</strong></span> <span class='ocrx_word' id='word_1_171' title='bbox 919 2095 986 2152; x_wconf 71' lang='lat' dir='ltr'><strong>leores</strong></span> <span class='ocrx_word' id='word_1_172' title='bbox 1007 2103 1059 2137; x_wconf 84' lang='lat' dir='ltr'><strong>cum</strong></span> <span class='ocrx_word' id='word_1_173' title='bbox 1075 2087 1217 2150; x_wconf 63' lang='lat' dir='ltr'><strong>montorii!</strong></span> <span class='ocrx_word' id='word_1_174' title='bbox 1235 2088 1317 2142; x_wconf 80' lang='lat' dir='ltr'><strong>(iesu.</strong></span> 
     </span>
     <span class='ocr_line' id='line_1_21' title="bbox 219 2150 1319 2218; baseline 0.007 -18"><span class='ocrx_word' id='word_1_175' title='bbox 219 2150 329 2201; x_wconf 79' lang='lat' dir='ltr'><strong>‘Lectio</strong></span> <span class='ocrx_word' id='word_1_176' title='bbox 342 2153 444 2216; x_wconf 80' lang='lat' dir='ltr'><strong>vulgata</strong></span> <span class='ocrx_word' id='word_1_177' title='bbox 456 2157 485 2200; x_wconf 87' lang='lat' dir='ltr'><strong>et</strong></span> <span class='ocrx_word' id='word_1_178' title='bbox 496 2153 670 2218; x_wconf 72' lang='lat' dir='ltr'><strong>antiquaret:</strong></span> <span class='ocrx_word' id='word_1_179' title='bbox 684 2155 788 2218; x_wconf 75' lang='lat' dir='ltr'><strong>Uterque</strong></span> <span class='ocrx_word' id='word_1_180' title='bbox 799 2155 839 2218; x_wconf 80' lang='lat' dir='ltr'><strong>qui</strong></span> <span class='ocrx_word' id='word_1_181' title='bbox 849 2155 981 2218; x_wconf 75' lang='lat' dir='ltr'><strong>adoptaret,</strong></span> <span class='ocrx_word' id='word_1_182' title='bbox 992 2156 1042 2202; x_wconf 82' lang='lat' dir='ltr'><strong>tum</strong></span> <span class='ocrx_word' id='word_1_183' title='bbox 1051 2154 1142 2214; x_wconf 80' lang='lat' dir='ltr'><strong>paruit,</strong></span> <span class='ocrx_word' id='word_1_184' title='bbox 1153 2169 1222 2217; x_wconf 74' lang='lat' dir='ltr'><strong>uttam</strong></span> <span class='ocrx_word' id='word_1_185' title='bbox 1233 2158 1268 2214; x_wconf 74' lang='lat' dir='ltr'><strong>bl,</strong></span> <span class='ocrx_word' id='word_1_186' title='bbox 1278 2155 1319 2218; x_wconf 71' lang='lat' dir='ltr'><strong>qni</strong></span> 
     </span>
     <span class='ocr_line' id='line_1_22' title="bbox 218 2215 1318 2283; baseline 0.005 -20"><span class='ocrx_word' id='word_1_187' title='bbox 218 2215 377 2277; x_wconf 78' lang='lat' dir='ltr'><strong>nduptnboris.</strong></span> <span class='ocrx_word' id='word_1_188' title='bbox 412 2216 463 2264; x_wconf 86' lang='lat' dir='ltr'><strong>Hic</strong></span> <span class='ocrx_word' id='word_1_189' title='bbox 475 2217 583 2278; x_wconf 79' lang='lat' dir='ltr'><strong>primum</strong></span> <span class='ocrx_word' id='word_1_190' title='bbox 595 2217 707 2268; x_wconf 81' lang='lat' dir='ltr'><strong>offendit</strong></span> <span class='ocrx_word' id='word_1_191' title='bbox 716 2221 840 2283; x_wconf 73' lang='lat' dir='ltr'><strong>adoptaret</strong></span> <span class='ocrx_word' id='word_1_192' title='bbox 856 2226 965 2281; x_wconf 80' lang='lat' dir='ltr'><strong>propter</strong></span> <span class='ocrx_word' id='word_1_193' title='bbox 975 2232 1029 2280; x_wconf 85' lang='lat' dir='ltr'><strong>seq.</strong></span> <span class='ocrx_word' id='word_1_194' title='bbox 1042 2217 1149 2266; x_wconf 83' lang='lat' dir='ltr'><strong>iudicat.</strong></span> <span class='ocrx_word' id='word_1_195' title='bbox 1159 2217 1318 2280; x_wconf 79' lang='lat' dir='ltr'><strong>cdoutndnris.</strong></span> 
     </span>
     <span class='ocr_line' id='line_1_23' title="bbox 218 2278 1319 2346; baseline 0.003 -19"><span class='ocrx_word' id='word_1_196' title='bbox 218 2278 347 2329; x_wconf 85' lang='lat' dir='ltr'><strong>Schwarz.</strong></span> <span class='ocrx_word' id='word_1_197' title='bbox 360 2282 470 2329; x_wconf 86' lang='lat' dir='ltr'><strong>mutarit</strong></span> <span class='ocrx_word' id='word_1_198' title='bbox 482 2281 507 2329; x_wconf 91' lang='lat' dir='ltr'><strong>in</strong></span> <span class='ocrx_word' id='word_1_199' title='bbox 518 2284 651 2346; x_wconf 75' lang='lat' dir='ltr'><strong>sdoptmnt.</strong></span> <span class='ocrx_word' id='word_1_200' title='bbox 685 2283 742 2346; x_wconf 77' lang='lat' dir='ltr'><strong>Ego</strong></span> <span class='ocrx_word' id='word_1_201' title='bbox 760 2284 840 2333; x_wconf 86' lang='lat' dir='ltr'><strong>malui</strong></span> <span class='ocrx_word' id='word_1_202' title='bbox 857 2283 993 2346; x_wconf 78' lang='lat' dir='ltr'><strong>uduptudut,</strong></span> <span class='ocrx_word' id='word_1_203' title='bbox 1014 2281 1082 2346; x_wconf 86' lang='lat' dir='ltr'><strong>quud</strong></span> <span class='ocrx_word' id='word_1_204' title='bbox 1103 2288 1206 2344; x_wconf 86' lang='lat' dir='ltr'><strong>tempus</strong></span> <span class='ocrx_word' id='word_1_205' title='bbox 1225 2292 1319 2335; x_wconf 79' lang='lat' dir='ltr'><strong>natura</strong></span> 
     </span>
     <span class='ocr_line' id='line_1_24' title="bbox 219 2341 1318 2411; baseline 0.005 -21"><span class='ocrx_word' id='word_1_206' title='bbox 219 2341 256 2392; x_wconf 86' lang='lat' dir='ltr'><strong>rei</strong></span> <span class='ocrx_word' id='word_1_207' title='bbox 267 2358 342 2408; x_wconf 79' lang='lat' dir='ltr'><strong>aeqsre</strong></span> <span class='ocrx_word' id='word_1_208' title='bbox 355 2346 471 2407; x_wconf 86' lang='lat' dir='ltr'><strong>postulat</strong></span> <span class='ocrx_word' id='word_1_209' title='bbox 483 2359 513 2393; x_wconf 90' lang='lat' dir='ltr'><strong>ac</strong></span> <span class='ocrx_word' id='word_1_210' title='bbox 522 2346 673 2408; x_wconf 80' lang='lat' dir='ltr'><strong>adoptaburis</strong></span> <span class='ocrx_word' id='word_1_211' title='bbox 684 2347 709 2396; x_wconf 87' lang='lat' dir='ltr'><strong>iu</strong></span> <span class='ocrx_word' id='word_1_212' title='bbox 720 2347 935 2406; x_wconf 81' lang='lat' dir='ltr'><strong>alteromembro‚</strong></span> <span class='ocrx_word' id='word_1_213' title='bbox 943 2347 1062 2410; x_wconf 88' lang='lat' dir='ltr'><strong>quodque</strong></span> <span class='ocrx_word' id='word_1_214' title='bbox 1070 2346 1095 2393; x_wconf 91' lang='lat' dir='ltr'><strong>iu</strong></span> <span class='ocrx_word' id='word_1_215' title='bbox 1106 2349 1222 2411; x_wconf 76' lang='lat' dir='ltr'><strong>margine</strong></span> <span class='ocrx_word' id='word_1_216' title='bbox 1231 2361 1318 2396; x_wconf 83' lang='lat' dir='ltr'><strong>exem·</strong></span> 
     </span>
     <span class='ocr_line' id='line_1_25' title="bbox 219 2408 1317 2475; baseline 0.005 -20"><span class='ocrx_word' id='word_1_217' title='bbox 219 2408 297 2469; x_wconf 83' lang='lat' dir='ltr'><strong>pluris</strong></span> <span class='ocrx_word' id='word_1_218' title='bbox 309 2408 422 2464; x_wconf 82' lang='lat' dir='ltr'><strong>Gudisni</strong></span> <span class='ocrx_word' id='word_1_219' title='bbox 433 2411 569 2473; x_wconf 82' lang='lat' dir='ltr'><strong>reperitur.</strong></span> <span class='ocrx_word' id='word_1_220' title='bbox 603 2410 796 2475; x_wconf 74' lang='lat' dir='ltr'><strong>Porrouterque</strong></span> <span class='ocrx_word' id='word_1_221' title='bbox 811 2408 1168 2473; x_wconf 81' lang='lat' dir='ltr'><strong>nonhabet,quoret‘eratur.</strong></span> <span class='ocrx_word' id='word_1_222' title='bbox 1201 2410 1317 2462; x_wconf 74' lang='lat' dir='ltr'><strong>Schwar-</strong></span> 
     </span>
     <span class='ocr_line' id='line_1_26' title="bbox 218 2471 1318 2539; baseline 0.005 -21"><span class='ocrx_word' id='word_1_223' title='bbox 218 2471 271 2522; x_wconf 83' lang='lat' dir='ltr'><strong>sius</strong></span> <span class='ocrx_word' id='word_1_224' title='bbox 282 2474 401 2535; x_wconf 86' lang='lat' dir='ltr'><strong>putabat,</strong></span> <span class='ocrx_word' id='word_1_225' title='bbox 411 2474 510 2536; x_wconf 84' lang='lat' dir='ltr'><strong>rejecto</strong></span> <span class='ocrx_word' id='word_1_226' title='bbox 519 2475 623 2524; x_wconf 89' lang='lat' dir='ltr'><strong>numine</strong></span> <span class='ocrx_word' id='word_1_227' title='bbox 633 2475 724 2539; x_wconf 84' lang='lat' dir='ltr'><strong>Nersa,</strong></span> <span class='ocrx_word' id='word_1_228' title='bbox 736 2489 811 2538; x_wconf 81' lang='lat' dir='ltr'><strong>possa</strong></span> <span class='ocrx_word' id='word_1_229' title='bbox 820 2476 915 2525; x_wconf 84' lang='lat' dir='ltr'><strong>scribi:</strong></span> <span class='ocrx_word' id='word_1_230' title='bbox 928 2480 1020 2524; x_wconf 81' lang='lat' dir='ltr'><strong>tuntum</strong></span> <span class='ocrx_word' id='word_1_231' title='bbox 1030 2475 1196 2533; x_wconf 81' lang='lat' dir='ltr'><strong>ministrrsuit</strong></span> <span class='ocrx_word' id='word_1_232' title='bbox 1207 2479 1318 2538; x_wconf 78' lang='lat' dir='ltr'><strong>uterqsss:</strong></span> 
     </span>
     <span class='ocr_line' id='line_1_27' title="bbox 218 2537 1315 2602; baseline 0.004 -18"><span class='ocrx_word' id='word_1_233' title='bbox 218 2537 258 2598; x_wconf 73' lang='lat' dir='ltr'><strong>qui</strong></span> <span class='ocrx_word' id='word_1_234' title='bbox 268 2539 307 2585; x_wconf 88' lang='lat' dir='ltr'><strong>ud.</strong></span> <span class='ocrx_word' id='word_1_235' title='bbox 343 2537 400 2587; x_wconf 86' lang='lat' dir='ltr'><strong>Nec</strong></span> <span class='ocrx_word' id='word_1_236' title='bbox 411 2537 574 2600; x_wconf 78' lang='lat' dir='ltr'><strong>improbabat</strong></span> <span class='ocrx_word' id='word_1_237' title='bbox 592 2537 660 2602; x_wconf 85' lang='lat' dir='ltr'><strong>quod</strong></span> <span class='ocrx_word' id='word_1_238' title='bbox 677 2541 811 2602; x_wconf 80' lang='lat' dir='ltr'><strong>exemplar</strong></span> <span class='ocrx_word' id='word_1_239' title='bbox 822 2539 968 2588; x_wconf 78' lang='lat' dir='ltr'><strong>(indiacum</strong></span> <span class='ocrx_word' id='word_1_240' title='bbox 981 2539 1005 2587; x_wconf 92' lang='lat' dir='ltr'><strong>in</strong></span> <span class='ocrx_word' id='word_1_241' title='bbox 1021 2539 1136 2601; x_wconf 80' lang='lat' dir='ltr'><strong>margine</strong></span> <span class='ocrx_word' id='word_1_242' title='bbox 1154 2539 1241 2593; x_wconf 85' lang='lat' dir='ltr'><strong>babet,</strong></span> <span class='ocrx_word' id='word_1_243' title='bbox 1253 2540 1315 2601; x_wconf 82' lang='lat' dir='ltr'><strong>ipsi·</strong></span> 
     </span>
     <span class='ocr_line' id='line_1_28' title="bbox 219 2599 1318 2666; baseline 0.005 -19"><span class='ocrx_word' id='word_1_244' title='bbox 219 2613 268 2661; x_wconf 85' lang='lat' dir='ltr'><strong>que</strong></span> <span class='ocrx_word' id='word_1_245' title='bbox 279 2614 294 2649; x_wconf 86' lang='lat' dir='ltr'><strong>c</strong></span> <span class='ocrx_word' id='word_1_246' title='bbox 306 2601 366 2650; x_wconf 65' lang='lat' dir='ltr'><strong>cod:</strong></span> <span class='ocrx_word' id='word_1_247' title='bbox 377 2609 480 2650; x_wconf 80' lang='lat' dir='ltr'><strong>vetusto</strong></span> <span class='ocrx_word' id='word_1_248' title='bbox 490 2599 597 2652; x_wconf 84' lang='lat' dir='ltr'><strong>fluxisse</strong></span> <span class='ocrx_word' id='word_1_249' title='bbox 611 2601 755 2666; x_wconf 84' lang='lat' dir='ltr'><strong>videbatur,</strong></span> <span class='ocrx_word' id='word_1_250' title='bbox 765 2609 863 2665; x_wconf 78' lang='lat' dir='ltr'><strong>uterque</strong></span> <span class='ocrx_word' id='word_1_251' title='bbox 874 2608 952 2652; x_wconf 81' lang='lat' dir='ltr'><strong>tumes</strong></span> <span class='ocrx_word' id='word_1_252' title='bbox 963 2602 1073 2652; x_wconf 80' lang='lat' dir='ltr'><strong>minister</strong></span> <span class='ocrx_word' id='word_1_253' title='bbox 1081 2602 1144 2660; x_wconf 82' lang='lat' dir='ltr'><strong>suit·</strong></span> <span class='ocrx_word' id='word_1_254' title='bbox 1169 2602 1227 2651; x_wconf 82' lang='lat' dir='ltr'><strong>Tam</strong></span> <span class='ocrx_word' id='word_1_255' title='bbox 1237 2604 1318 2664; x_wconf 74' lang='lat' dir='ltr'><strong>remit</strong></span> 
     </span>
     <span class='ocr_line' id='line_1_29' title="bbox 220 2663 1315 2729; baseline 0.002 -17"><span class='ocrx_word' id='word_1_256' title='bbox 220 2663 365 2727; x_wconf 48' lang='lat' dir='ltr'><strong>Neronsqui</strong></span> <span class='ocrx_word' id='word_1_257' title='bbox 375 2666 512 2728; x_wconf 77' lang='lat' dir='ltr'><strong>adoptabat,</strong></span> <span class='ocrx_word' id='word_1_258' title='bbox 522 2668 564 2728; x_wconf 59' lang='lat' dir='ltr'><strong>bc.</strong></span> <span class='ocrx_word' id='word_1_259' title='bbox 597 2667 657 2716; x_wconf 89' lang='lat' dir='ltr'><strong>Nou</strong></span> <span class='ocrx_word' id='word_1_260' title='bbox 675 2668 812 2717; x_wconf 84' lang='lat' dir='ltr'><strong>assentior.</strong></span> <span class='ocrx_word' id='word_1_261' title='bbox 844 2666 876 2715; x_wconf 92' lang='lat' dir='ltr'><strong>ln</strong></span> <span class='ocrx_word' id='word_1_262' title='bbox 888 2667 936 2714; x_wconf 87' lang='lat' dir='ltr'><strong>boc</strong></span> <span class='ocrx_word' id='word_1_263' title='bbox 947 2666 1016 2715; x_wconf 87' lang='lat' dir='ltr'><strong>enirn</strong></span> <span class='ocrx_word' id='word_1_264' title='bbox 1034 2679 1114 2728; x_wconf 80' lang='lat' dir='ltr'><strong>opere</strong></span> <span class='ocrx_word' id='word_1_265' title='bbox 1127 2664 1215 2714; x_wconf 83' lang='lat' dir='ltr'><strong>divino</strong></span> <span class='ocrx_word' id='word_1_266' title='bbox 1226 2666 1315 2729; x_wconf 83' lang='lat' dir='ltr'><strong>Traja-</strong></span> 
     </span>
     <span class='ocr_line' id='line_1_30' title="bbox 219 2729 1316 2794; baseline 0.002 -18"><span class='ocrx_word' id='word_1_267' title='bbox 219 2741 266 2779; x_wconf 82' lang='lat' dir='ltr'><strong>uus</strong></span> <span class='ocrx_word' id='word_1_268' title='bbox 277 2743 328 2778; x_wconf 88' lang='lat' dir='ltr'><strong>non</strong></span> <span class='ocrx_word' id='word_1_269' title='bbox 339 2729 526 2785; x_wconf 69' lang='lat' dir='ltr'><strong>subminister,</strong></span> <span class='ocrx_word' id='word_1_270' title='bbox 539 2729 585 2779; x_wconf 86' lang='lat' dir='ltr'><strong>sed</strong></span> <span class='ocrx_word' id='word_1_271' title='bbox 597 2745 663 2780; x_wconf 90' lang='lat' dir='ltr'><strong>unus</strong></span> <span class='ocrx_word' id='word_1_272' title='bbox 674 2731 773 2780; x_wconf 82' lang='lat' dir='ltr'><strong>Nerva.</strong></span> <span class='ocrx_word' id='word_1_273' title='bbox 807 2731 868 2780; x_wconf 90' lang='lat' dir='ltr'><strong>Nun</strong></span> <span class='ocrx_word' id='word_1_274' title='bbox 880 2730 947 2779; x_wconf 89' lang='lat' dir='ltr'><strong>enim</strong></span> <span class='ocrx_word' id='word_1_275' title='bbox 960 2731 991 2783; x_wconf 91' lang='lat' dir='ltr'><strong>is,</strong></span> <span class='ocrx_word' id='word_1_276' title='bbox 1002 2729 1045 2794; x_wconf 87' lang='lat' dir='ltr'><strong>qui</strong></span> <span class='ocrx_word' id='word_1_277' title='bbox 1059 2729 1213 2789; x_wconf 67' lang='lat' dir='ltr'><strong>instituitur,</strong></span> <span class='ocrx_word' id='word_1_278' title='bbox 1226 2729 1270 2778; x_wconf 87' lang='lat' dir='ltr'><strong>sed</strong></span> <span class='ocrx_word' id='word_1_279' title='bbox 1284 2731 1316 2789; x_wconf 89' lang='lat' dir='ltr'><strong>is,</strong></span> 
     </span>
     <span class='ocr_line' id='line_1_31' title="bbox 219 2792 1317 2858; baseline 0.004 -18"><span class='ocrx_word' id='word_1_280' title='bbox 219 2792 265 2854; x_wconf 83' lang='lat' dir='ltr'><strong>qui</strong></span> <span class='ocrx_word' id='word_1_281' title='bbox 276 2806 333 2842; x_wconf 87' lang='lat' dir='ltr'><strong>eum</strong></span> <span class='ocrx_word' id='word_1_282' title='bbox 346 2794 452 2842; x_wconf 85' lang='lat' dir='ltr'><strong>alterius</strong></span> <span class='ocrx_word' id='word_1_283' title='bbox 463 2794 536 2857; x_wconf 86' lang='lat' dir='ltr'><strong>jussu</strong></span> <span class='ocrx_word' id='word_1_284' title='bbox 548 2795 673 2858; x_wconf 71' lang='lat' dir='ltr'><strong>instituit,</strong></span> <span class='ocrx_word' id='word_1_285' title='bbox 686 2801 726 2844; x_wconf 85' lang='lat' dir='ltr'><strong>est</strong></span> <span class='ocrx_word' id='word_1_286' title='bbox 743 2795 861 2845; x_wconf 86' lang='lat' dir='ltr'><strong>minister</strong></span> <span class='ocrx_word' id='word_1_287' title='bbox 877 2795 950 2842; x_wconf 86' lang='lat' dir='ltr'><strong>istius</strong></span> <span class='ocrx_word' id='word_1_288' title='bbox 965 2793 1143 2843; x_wconf 86' lang='lat' dir='ltr'><strong>iustitutionis.</strong></span> <span class='ocrx_word' id='word_1_289' title='bbox 1186 2793 1238 2843; x_wconf 86' lang='lat' dir='ltr'><strong>Sed</strong></span> <span class='ocrx_word' id='word_1_290' title='bbox 1257 2809 1317 2844; x_wconf 84' lang='lat' dir='ltr'><strong>cum</strong></span> 
     </span>
     <span class='ocr_line' id='line_1_32' title="bbox 219 2855 1316 2921; baseline 0.005 -18"><span class='ocrx_word' id='word_1_291' title='bbox 219 2855 287 2906; x_wconf 85' lang='lat' dir='ltr'><strong>idem</strong></span> <span class='ocrx_word' id='word_1_292' title='bbox 298 2858 427 2908; x_wconf 80' lang='lat' dir='ltr'><strong>Schwarn.</strong></span> <span class='ocrx_word' id='word_1_293' title='bbox 439 2859 465 2907; x_wconf 93' lang='lat' dir='ltr'><strong>iu</strong></span> <span class='ocrx_word' id='word_1_294' title='bbox 477 2859 541 2909; x_wconf 86' lang='lat' dir='ltr'><strong>Mas.</strong></span> <span class='ocrx_word' id='word_1_295' title='bbox 552 2859 654 2908; x_wconf 89' lang='lat' dir='ltr'><strong>Vaticc.</strong></span> <span class='ocrx_word' id='word_1_296' title='bbox 662 2858 761 2916; x_wconf 83' lang='lat' dir='ltr'><strong>tribus,</strong></span> <span class='ocrx_word' id='word_1_297' title='bbox 772 2858 865 2908; x_wconf 83' lang='lat' dir='ltr'><strong>Salisb.</strong></span> <span class='ocrx_word' id='word_1_298' title='bbox 876 2859 959 2906; x_wconf 85' lang='lat' dir='ltr'><strong>Paris.</strong></span> <span class='ocrx_word' id='word_1_299' title='bbox 971 2864 999 2907; x_wconf 87' lang='lat' dir='ltr'><strong>et</strong></span> <span class='ocrx_word' id='word_1_300' title='bbox 1017 2872 1073 2918; x_wconf 83' lang='lat' dir='ltr'><strong>suo,</strong></span> <span class='ocrx_word' id='word_1_301' title='bbox 1090 2859 1152 2907; x_wconf 82' lang='lat' dir='ltr'><strong>item</strong></span> <span class='ocrx_word' id='word_1_302' title='bbox 1163 2857 1188 2905; x_wconf 90' lang='lat' dir='ltr'><strong>iu</strong></span> <span class='ocrx_word' id='word_1_303' title='bbox 1201 2859 1316 2921; x_wconf 82' lang='lat' dir='ltr'><strong>margins</strong></span> 
     </span>
     <span class='ocr_line' id='line_1_33' title="bbox 218 2920 1318 2987; baseline 0.004 -19"><span class='ocrx_word' id='word_1_304' title='bbox 218 2920 325 2970; x_wconf 81' lang='lat' dir='ltr'><strong>ulterius</strong></span> <span class='ocrx_word' id='word_1_305' title='bbox 337 2922 491 2984; x_wconf 84' lang='lat' dir='ltr'><strong>exemplaris</strong></span> <span class='ocrx_word' id='word_1_306' title='bbox 503 2923 617 2972; x_wconf 87' lang='lat' dir='ltr'><strong>Gudiani</strong></span> <span class='ocrx_word' id='word_1_307' title='bbox 636 2937 684 2987; x_wconf 85' lang='lat' dir='ltr'><strong>pro</strong></span> <span class='ocrx_word' id='word_1_308' title='bbox 702 2931 801 2986; x_wconf 80' lang='lat' dir='ltr'><strong>uterque</strong></span> <span class='ocrx_word' id='word_1_309' title='bbox 820 2923 959 2986; x_wconf 84' lang='lat' dir='ltr'><strong>reperisset</strong></span> <span class='ocrx_word' id='word_1_310' title='bbox 976 2927 1056 2985; x_wconf 69' lang='lat' dir='ltr'><strong>mque,</strong></span> <span class='ocrx_word' id='word_1_311' title='bbox 1076 2921 1102 2970; x_wconf 92' lang='lat' dir='ltr'><strong>in</strong></span> <span class='ocrx_word' id='word_1_312' title='bbox 1113 2921 1217 2972; x_wconf 85' lang='lat' dir='ltr'><strong>Veneto</strong></span> <span class='ocrx_word' id='word_1_313' title='bbox 1228 2931 1318 2974; x_wconf 86' lang='lat' dir='ltr'><strong>auteur</strong></span> 
     </span>
     <span class='ocr_line' id='line_1_34' title="bbox 217 2985 1316 3050; baseline 0.005 -18"><span class='ocrx_word' id='word_1_314' title='bbox 217 2985 319 3048; x_wconf 75' lang='lat' dir='ltr'><strong>utrique,</strong></span> <span class='ocrx_word' id='word_1_315' title='bbox 331 2985 391 3034; x_wconf 92' lang='lat' dir='ltr'><strong>inde</strong></span> <span class='ocrx_word' id='word_1_316' title='bbox 402 2986 545 3049; x_wconf 85' lang='lat' dir='ltr'><strong>exsculpsit</strong></span> <span class='ocrx_word' id='word_1_317' title='bbox 552 2989 641 3050; x_wconf 76' lang='lat' dir='ltr'><strong>ulique.</strong></span> <span class='ocrx_word' id='word_1_318' title='bbox 657 2988 736 3050; x_wconf 82' lang='lat' dir='ltr'><strong>idque</strong></span> <span class='ocrx_word' id='word_1_319' title='bbox 748 3002 839 3038; x_wconf 87' lang='lat' dir='ltr'><strong>secure</strong></span> <span class='ocrx_word' id='word_1_320' title='bbox 852 2989 877 3036; x_wconf 90' lang='lat' dir='ltr'><strong>iu</strong></span> <span class='ocrx_word' id='word_1_321' title='bbox 890 2995 989 3037; x_wconf 82' lang='lat' dir='ltr'><strong>textum</strong></span> <span class='ocrx_word' id='word_1_322' title='bbox 1001 2985 1109 3049; x_wconf 85' lang='lat' dir='ltr'><strong>recepit,</strong></span> <span class='ocrx_word' id='word_1_323' title='bbox 1120 2994 1246 3048; x_wconf 76' lang='lat' dir='ltr'><strong>sentiente</strong></span> <span class='ocrx_word' id='word_1_324' title='bbox 1257 3003 1316 3039; x_wconf 85' lang='lat' dir='ltr'><strong>cunr</strong></span> 
     </span>
     <span class='ocr_line' id='line_1_35' title="bbox 218 3047 1317 3114; baseline 0.004 -18"><span class='ocrx_word' id='word_1_325' title='bbox 218 3047 345 3097; x_wconf 81' lang='lat' dir='ltr'><strong>Gesnero.</strong></span> <span class='ocrx_word' id='word_1_326' title='bbox 379 3049 435 3112; x_wconf 77' lang='lat' dir='ltr'><strong>Ego</strong></span> <span class='ocrx_word' id='word_1_327' title='bbox 455 3055 624 3114; x_wconf 75' lang='lat' dir='ltr'><strong>versaturque</strong></span> <span class='ocrx_word' id='word_1_328' title='bbox 635 3066 686 3101; x_wconf 90' lang='lat' dir='ltr'><strong>nun</strong></span> <span class='ocrx_word' id='word_1_329' title='bbox 699 3052 810 3108; x_wconf 87' lang='lat' dir='ltr'><strong>dimitto,</strong></span> <span class='ocrx_word' id='word_1_330' title='bbox 823 3051 931 3114; x_wconf 83' lang='lat' dir='ltr'><strong>adjurat</strong></span> <span class='ocrx_word' id='word_1_331' title='bbox 947 3051 1014 3099; x_wconf 88' lang='lat' dir='ltr'><strong>enim</strong></span> <span class='ocrx_word' id='word_1_332' title='bbox 1032 3051 1140 3098; x_wconf 84' lang='lat' dir='ltr'><strong>mirifice</strong></span> <span class='ocrx_word' id='word_1_333' title='bbox 1153 3051 1202 3099; x_wconf 84' lang='lat' dir='ltr'><strong>rim</strong></span> <span class='ocrx_word' id='word_1_334' title='bbox 1214 3060 1317 3102; x_wconf 85' lang='lat' dir='ltr'><strong>senten·</strong></span> 
     </span>
     <span class='ocr_line' id='line_1_36' title="bbox 219 3112 1316 3178; baseline 0.005 -20"><span class='ocrx_word' id='word_1_335' title='bbox 219 3112 269 3162; x_wconf 80' lang='lat' dir='ltr'><strong>tite.</strong></span> <span class='ocrx_word' id='word_1_336' title='bbox 296 3114 353 3162; x_wconf 82' lang='lat' dir='ltr'><strong>Tum</strong></span> <span class='ocrx_word' id='word_1_337' title='bbox 364 3113 405 3162; x_wconf 90' lang='lat' dir='ltr'><strong>bic</strong></span> <span class='ocrx_word' id='word_1_338' title='bbox 417 3114 587 3163; x_wconf 82' lang='lat' dir='ltr'><strong>revocandum</strong></span> <span class='ocrx_word' id='word_1_339' title='bbox 600 3129 657 3164; x_wconf 85' lang='lat' dir='ltr'><strong>esse</strong></span> <span class='ocrx_word' id='word_1_340' title='bbox 668 3122 729 3164; x_wconf 84' lang='lat' dir='ltr'><strong>ante</strong></span> <span class='ocrx_word' id='word_1_341' title='bbox 740 3117 789 3178; x_wconf 81' lang='lat' dir='ltr'><strong>qui,</strong></span> <span class='ocrx_word' id='word_1_342' title='bbox 802 3116 879 3163; x_wconf 86' lang='lat' dir='ltr'><strong>ducet</strong></span> <span class='ocrx_word' id='word_1_343' title='bbox 891 3129 971 3176; x_wconf 79' lang='lat' dir='ltr'><strong>quum,</strong></span> <span class='ocrx_word' id='word_1_344' title='bbox 983 3113 1052 3177; x_wconf 90' lang='lat' dir='ltr'><strong>quod</strong></span> <span class='ocrx_word' id='word_1_345' title='bbox 1064 3115 1188 3175; x_wconf 79' lang='lat' dir='ltr'><strong>seqriitur.</strong></span> <span class='ocrx_word' id='word_1_346' title='bbox 1212 3114 1316 3178; x_wconf 82' lang='lat' dir='ltr'><strong>Nempe</strong></span> 
     </span>
     <span class='ocr_line' id='line_1_37' title="bbox 218 3176 1317 3240; baseline 0.002 -15"><span class='ocrx_word' id='word_1_347' title='bbox 218 3190 276 3225; x_wconf 88' lang='lat' dir='ltr'><strong>cum</strong></span> <span class='ocrx_word' id='word_1_348' title='bbox 290 3183 340 3227; x_wconf 85' lang='lat' dir='ltr'><strong>tum</strong></span> <span class='ocrx_word' id='word_1_349' title='bbox 351 3176 422 3226; x_wconf 88' lang='lat' dir='ltr'><strong>facili</strong></span> <span class='ocrx_word' id='word_1_350' title='bbox 442 3179 518 3240; x_wconf 83' lang='lat' dir='ltr'><strong>lapsu</strong></span> <span class='ocrx_word' id='word_1_351' title='bbox 538 3186 665 3228; x_wconf 79' lang='lat' dir='ltr'><strong>inritatum</strong></span> <span class='ocrx_word' id='word_1_352' title='bbox 684 3188 753 3228; x_wconf 84' lang='lat' dir='ltr'><strong>esset</strong></span> <span class='ocrx_word' id='word_1_353' title='bbox 770 3179 795 3227; x_wconf 90' lang='lat' dir='ltr'><strong>in</strong></span> <span class='ocrx_word' id='word_1_354' title='bbox 807 3184 869 3236; x_wconf 83' lang='lat' dir='ltr'><strong>tom,</strong></span> <span class='ocrx_word' id='word_1_355' title='bbox 888 3178 999 3226; x_wconf 86' lang='lat' dir='ltr'><strong>librariis</strong></span> <span class='ocrx_word' id='word_1_356' title='bbox 1017 3177 1150 3238; x_wconf 85' lang='lat' dir='ltr'><strong>displicuit</strong></span> <span class='ocrx_word' id='word_1_357' title='bbox 1161 3177 1204 3226; x_wconf 91' lang='lat' dir='ltr'><strong>illa</strong></span> <span class='ocrx_word' id='word_1_358' title='bbox 1214 3191 1264 3225; x_wconf 81' lang='lat' dir='ltr'><strong>vox</strong></span> <span class='ocrx_word' id='word_1_359' title='bbox 1277 3179 1317 3227; x_wconf 89' lang='lat' dir='ltr'><strong>bis</strong></span> 
     </span>
     <span class='ocr_line' id='line_1_38' title="bbox 218 3239 1317 3304; baseline 0.001 -16"><span class='ocrx_word' id='word_1_360' title='bbox 218 3241 319 3302; x_wconf 83' lang='lat' dir='ltr'><strong>posita;</strong></span> <span class='ocrx_word' id='word_1_361' title='bbox 336 3240 395 3290; x_wconf 87' lang='lat' dir='ltr'><strong>binc</strong></span> <span class='ocrx_word' id='word_1_362' title='bbox 414 3243 494 3291; x_wconf 87' lang='lat' dir='ltr'><strong>semel</strong></span> <span class='ocrx_word' id='word_1_363' title='bbox 506 3242 666 3300; x_wconf 83' lang='lat' dir='ltr'><strong>deleverunt,</strong></span> <span class='ocrx_word' id='word_1_364' title='bbox 678 3250 705 3290; x_wconf 86' lang='lat' dir='ltr'><strong>et</strong></span> <span class='ocrx_word' id='word_1_365' title='bbox 722 3242 783 3290; x_wconf 86' lang='lat' dir='ltr'><strong>iude</strong></span> <span class='ocrx_word' id='word_1_366' title='bbox 796 3249 855 3290; x_wconf 87' lang='lat' dir='ltr'><strong>orta</strong></span> <span class='ocrx_word' id='word_1_367' title='bbox 865 3249 905 3290; x_wconf 86' lang='lat' dir='ltr'><strong>est</strong></span> <span class='ocrx_word' id='word_1_368' title='bbox 916 3242 1074 3302; x_wconf 83' lang='lat' dir='ltr'><strong>corruptela.</strong></span> <span class='ocrx_word' id='word_1_369' title='bbox 1107 3239 1175 3289; x_wconf 80' lang='lat' dir='ltr'><strong>Vera</strong></span> <span class='ocrx_word' id='word_1_370' title='bbox 1188 3240 1267 3304; x_wconf 77' lang='lat' dir='ltr'><strong>igitur</strong></span> <span class='ocrx_word' id='word_1_371' title='bbox 1279 3243 1317 3290; x_wconf 93' lang='lat' dir='ltr'><strong>lo-</strong></span> 
     </span>
     <span class='ocr_line' id='line_1_39' title="bbox 218 3303 1316 3368; baseline 0.001 -15"><span class='ocrx_word' id='word_1_372' title='bbox 218 3318 275 3354; x_wconf 90' lang='lat' dir='ltr'><strong>cum</strong></span> <span class='ocrx_word' id='word_1_373' title='bbox 287 3306 430 3355; x_wconf 84' lang='lat' dir='ltr'><strong>restituisse</strong></span> <span class='ocrx_word' id='word_1_374' title='bbox 448 3307 510 3355; x_wconf 86' lang='lat' dir='ltr'><strong>mihi</strong></span> <span class='ocrx_word' id='word_1_375' title='bbox 523 3306 630 3358; x_wconf 66' lang='lat' dir='ltr'><strong>videor!</strong></span> <span class='ocrx_word' id='word_1_376' title='bbox 662 3306 706 3356; x_wconf 88' lang='lat' dir='ltr'><strong>lta</strong></span> <span class='ocrx_word' id='word_1_377' title='bbox 716 3306 816 3367; x_wconf 78' lang='lat' dir='ltr'><strong>Gierig.</strong></span> <span class='ocrx_word' id='word_1_378' title='bbox 827 3306 853 3354; x_wconf 93' lang='lat' dir='ltr'><strong>in</strong></span> <span class='ocrx_word' id='word_1_379' title='bbox 865 3303 907 3354; x_wconf 88' lang='lat' dir='ltr'><strong>ed.</strong></span> <span class='ocrx_word' id='word_1_380' title='bbox 919 3305 1020 3368; x_wconf 77' lang='lat' dir='ltr'><strong>prima3</strong></span> <span class='ocrx_word' id='word_1_381' title='bbox 1037 3303 1062 3352; x_wconf 91' lang='lat' dir='ltr'><strong>in</strong></span> <span class='ocrx_word' id='word_1_382' title='bbox 1074 3305 1186 3353; x_wconf 86' lang='lat' dir='ltr'><strong>secunda</strong></span> <span class='ocrx_word' id='word_1_383' title='bbox 1199 3319 1259 3354; x_wconf 87' lang='lat' dir='ltr'><strong>vern</strong></span> <span class='ocrx_word' id='word_1_384' title='bbox 1271 3307 1316 3354; x_wconf 86' lang='lat' dir='ltr'><strong>ad·</strong></span> 
     </span>
     <span class='ocr_line' id='line_1_40' title="bbox 218 3367 1318 3432; baseline 0.003 -16"><span class='ocrx_word' id='word_1_385' title='bbox 218 3367 272 3418; x_wconf 85' lang='lat' dir='ltr'><strong>dit:</strong></span> <span class='ocrx_word' id='word_1_386' title='bbox 290 3373 297 3396; x_wconf 75' lang='lat'>¹</span> <span class='ocrx_word' id='word_1_387' title='bbox 309 3371 352 3418; x_wconf 90' lang='lat' dir='ltr'><strong>Sic</strong></span> <span class='ocrx_word' id='word_1_388' title='bbox 365 3371 492 3420; x_wconf 85' lang='lat' dir='ltr'><strong>sententia</strong></span> <span class='ocrx_word' id='word_1_389' title='bbox 504 3371 587 3420; x_wconf 89' lang='lat' dir='ltr'><strong>oritur</strong></span> <span class='ocrx_word' id='word_1_390' title='bbox 598 3377 626 3420; x_wconf 89' lang='lat' dir='ltr'><strong>et</strong></span> <span class='ocrx_word' id='word_1_391' title='bbox 638 3384 699 3420; x_wconf 82' lang='lat' dir='ltr'><strong>vcra</strong></span> <span class='ocrx_word' id='word_1_392' title='bbox 711 3370 840 3421; x_wconf 85' lang='lat' dir='ltr'><strong>etfacilis.</strong></span> <span class='ocrx_word' id='word_1_393' title='bbox 873 3370 950 3418; x_wconf 86' lang='lat' dir='ltr'><strong>Hanc</strong></span> <span class='ocrx_word' id='word_1_394' title='bbox 961 3375 1075 3418; x_wconf 85' lang='lat' dir='ltr'><strong>nostram</strong></span> <span class='ocrx_word' id='word_1_395' title='bbox 1088 3369 1213 3418; x_wconf 84' lang='lat' dir='ltr'><strong>rationem</strong></span> <span class='ocrx_word' id='word_1_396' title='bbox 1224 3385 1318 3432; x_wconf 78' lang='lat' dir='ltr'><strong>appro-</strong></span> 
     </span>
     <span class='ocr_line' id='line_1_41' title="bbox 218 3432 1318 3499; baseline 0.002 -17"><span class='ocrx_word' id='word_1_397' title='bbox 218 3432 333 3482; x_wconf 83' lang='lat' dir='ltr'><strong>bavimus</strong></span> <span class='ocrx_word' id='word_1_398' title='bbox 346 3435 467 3483; x_wconf 84' lang='lat' dir='ltr'><strong>Ernestio</strong></span> <span class='ocrx_word' id='word_1_399' title='bbox 480 3434 539 3496; x_wconf 85' lang='lat' dir='ltr'><strong>jun.</strong></span> <span class='ocrx_word' id='word_1_400' title='bbox 574 3434 626 3485; x_wconf 88' lang='lat' dir='ltr'><strong>Sed</strong></span> <span class='ocrx_word' id='word_1_401' title='bbox 643 3433 739 3484; x_wconf 81' lang='lat' dir='ltr'><strong>Schaei&#39;.</strong></span> <span class='ocrx_word' id='word_1_402' title='bbox 758 3434 861 3485; x_wconf 81' lang='lat' dir='ltr'><strong>accedit</strong></span> <span class='ocrx_word' id='word_1_403' title='bbox 873 3433 899 3486; x_wconf 79' lang='lat' dir='ltr'><strong>J·</strong></span> <span class='ocrx_word' id='word_1_404' title='bbox 912 3435 944 3483; x_wconf 86' lang='grc' dir='ltr'><strong>Α.</strong></span> <span class='ocrx_word' id='word_1_405' title='bbox 957 3436 1020 3483; x_wconf 89' lang='lat' dir='ltr'><strong>Ern.</strong></span> <span class='ocrx_word' id='word_1_406' title='bbox 1041 3433 1146 3496; x_wconf 84' lang='lat' dir='ltr'><strong>legenti,</strong></span> <span class='ocrx_word' id='word_1_407' title='bbox 1160 3434 1256 3498; x_wconf 81' lang='lat' dir='ltr'><strong>Utique,</strong></span> <span class='ocrx_word' id='word_1_408' title='bbox 1266 3434 1318 3499; x_wconf 64' lang='lat' dir='ltr'><strong>scr</strong></span> 
     </span>
     <span class='ocr_line' id='line_1_42' title="bbox 216 3495 1316 3562; baseline 0.005 -18"><span class='ocrx_word' id='word_1_409' title='bbox 216 3495 288 3546; x_wconf 79' lang='lat' dir='ltr'><strong>licen</strong></span> <span class='ocrx_word' id='word_1_410' title='bbox 304 3498 392 3561; x_wconf 84' lang='lat' dir='ltr'><strong>verba,</strong></span> <span class='ocrx_word' id='word_1_411' title='bbox 410 3500 524 3560; x_wconf 84' lang='lat' dir='ltr'><strong>Uterque,</strong></span> <span class='ocrx_word' id='word_1_412' title='bbox 534 3499 574 3562; x_wconf 81' lang='lat' dir='ltr'><strong>qui</strong></span> <span class='ocrx_word' id='word_1_413' title='bbox 591 3502 723 3560; x_wconf 79' lang='lat' dir='ltr'><strong>adoptaret,</strong></span> <span class='ocrx_word' id='word_1_414' title='bbox 742 3499 838 3548; x_wconf 87' lang='lat' dir='ltr'><strong>desunt</strong></span> <span class='ocrx_word' id='word_1_415' title='bbox 857 3498 882 3546; x_wconf 92' lang='lat' dir='ltr'><strong>in</strong></span> <span class='ocrx_word' id='word_1_416' title='bbox 901 3499 959 3548; x_wconf 89' lang='lat' dir='ltr'><strong>cod.</strong></span> <span class='ocrx_word' id='word_1_417' title='bbox 981 3497 1049 3547; x_wconf 88' lang='lat' dir='ltr'><strong>Scal.</strong></span> <span class='ocrx_word' id='word_1_418' title='bbox 1068 3499 1111 3546; x_wconf 85' lang='lat' dir='ltr'><strong>illa</strong></span> <span class='ocrx_word' id='word_1_419' title='bbox 1133 3512 1193 3547; x_wconf 80' lang='lat' dir='ltr'><strong>vero</strong></span> <span class='ocrx_word' id='word_1_420' title='bbox 1211 3500 1316 3550; x_wconf 83' lang='lat' dir='ltr'><strong>scribit:</strong></span> 
     </span>
     <span class='ocr_line' id='line_1_43' title="bbox 214 3559 1316 3626; baseline 0.004 -18"><span class='ocrx_word' id='word_1_421' title='bbox 214 3561 298 3622; x_wconf 79' lang='lat' dir='ltr'><strong>paruit</strong></span> <span class='ocrx_word' id='word_1_422' title='bbox 308 3561 399 3623; x_wconf 83' lang='lat' dir='ltr'><strong>Nereo,</strong></span> <span class='ocrx_word' id='word_1_423' title='bbox 410 3563 451 3625; x_wconf 78' lang='lat' dir='ltr'><strong>qui</strong></span> <span class='ocrx_word' id='word_1_424' title='bbox 461 3565 594 3626; x_wconf 70' lang='lat' dir='ltr'><strong>montaral,</strong></span> <span class='ocrx_word' id='word_1_425' title='bbox 608 3577 677 3624; x_wconf 69' lang='lat' dir='ltr'><strong>quum</strong></span> <span class='ocrx_word' id='word_1_426' title='bbox 688 3568 725 3612; x_wconf 86' lang='lat' dir='ltr'><strong>lu.</strong></span> <span class='ocrx_word' id='word_1_427' title='bbox 758 3559 869 3612; x_wconf 78' lang='lat' dir='ltr'><strong>Bebrius</strong></span> <span class='ocrx_word' id='word_1_428' title='bbox 880 3562 987 3611; x_wconf 83' lang='lat' dir='ltr'><strong>sisadet:</strong></span> <span class='ocrx_word' id='word_1_429' title='bbox 1006 3563 1099 3610; x_wconf 85' lang='lat' dir='ltr'><strong>Horum</strong></span> <span class='ocrx_word' id='word_1_430' title='bbox 1118 3577 1174 3625; x_wconf 81' lang='lat' dir='ltr'><strong>opus</strong></span> <span class='ocrx_word' id='word_1_431' title='bbox 1190 3561 1241 3623; x_wconf 77' lang='lat' dir='ltr'><strong>lton,</strong></span> <span class='ocrx_word' id='word_1_432' title='bbox 1259 3580 1316 3626; x_wconf 77' lang='lat' dir='ltr'><strong>quo-</strong></span> 
     </span>
     <span class='ocr_line' id='line_1_44' title="bbox 216 3625 1316 3690; baseline 0.004 -19"><span class='ocrx_word' id='word_1_433' title='bbox 216 3638 270 3671; x_wconf 84' lang='lat' dir='ltr'><strong>rum</strong></span> <span class='ocrx_word' id='word_1_434' title='bbox 288 3625 330 3673; x_wconf 81' lang='lat' dir='ltr'><strong>ime</strong></span> <span class='ocrx_word' id='word_1_435' title='bbox 348 3632 385 3674; x_wconf 85' lang='lat' dir='ltr'><strong>est</strong></span> <span class='ocrx_word' id='word_1_436' title='bbox 405 3627 537 3688; x_wconf 78' lang='lat' dir='ltr'><strong>imperium.</strong></span> <span class='ocrx_word' id='word_1_437' title='bbox 573 3627 655 3675; x_wconf 78' lang='lat' dir='ltr'><strong>Neron</strong></span> <span class='ocrx_word' id='word_1_438' title='bbox 671 3632 764 3676; x_wconf 81' lang='lat' dir='ltr'><strong>lautum</strong></span> <span class='ocrx_word' id='word_1_439' title='bbox 782 3628 892 3677; x_wconf 80' lang='lat' dir='ltr'><strong>minister</strong></span> <span class='ocrx_word' id='word_1_440' title='bbox 900 3627 969 3684; x_wconf 84' lang='lat' dir='ltr'><strong>suit:</strong></span> <span class='ocrx_word' id='word_1_441' title='bbox 986 3629 1027 3674; x_wconf 89' lang='lat' dir='ltr'><strong>sed</strong></span> <span class='ocrx_word' id='word_1_442' title='bbox 1041 3631 1068 3674; x_wconf 88' lang='lat' dir='ltr'><strong>tu</strong></span> <span class='ocrx_word' id='word_1_443' title='bbox 1079 3641 1175 3688; x_wconf 82' lang='lat' dir='ltr'><strong>quoque.</strong></span> <span class='ocrx_word' id='word_1_444' title='bbox 1212 3627 1316 3690; x_wconf 74' lang='lat' dir='ltr'><strong>Uterque</strong></span> 
     </span>
     <span class='ocr_line' id='line_1_45' title="bbox 219 3688 1315 3754; baseline 0.003 -19"><span class='ocrx_word' id='word_1_445' title='bbox 219 3688 276 3736; x_wconf 85' lang='lat' dir='ltr'><strong>Diis</strong></span> <span class='ocrx_word' id='word_1_446' title='bbox 286 3689 419 3752; x_wconf 79' lang='lat' dir='ltr'><strong>obsequenti</strong></span> <span class='ocrx_word' id='word_1_447' title='bbox 428 3691 495 3748; x_wconf 85' lang='lat' dir='ltr'><strong>estis,</strong></span> <span class='ocrx_word' id='word_1_448' title='bbox 505 3695 538 3745; x_wconf 86' lang='lat' dir='ltr'><strong>st,</strong></span> <span class='ocrx_word' id='word_1_449' title='bbox 549 3689 645 3754; x_wconf 85' lang='lat' dir='ltr'><strong>(sirem</strong></span> <span class='ocrx_word' id='word_1_450' title='bbox 656 3691 711 3740; x_wconf 84' lang='lat' dir='ltr'><strong>licet</strong></span> <span class='ocrx_word' id='word_1_451' title='bbox 721 3690 810 3754; x_wconf 81' lang='lat' dir='ltr'><strong>dicere)</strong></span> <span class='ocrx_word' id='word_1_452' title='bbox 821 3691 862 3754; x_wconf 83' lang='lat' dir='ltr'><strong>qui</strong></span> <span class='ocrx_word' id='word_1_453' title='bbox 877 3691 1013 3752; x_wconf 74' lang='lat' dir='ltr'><strong>adoptabat,</strong></span> <span class='ocrx_word' id='word_1_454' title='bbox 1025 3695 1075 3739; x_wconf 87' lang='lat' dir='ltr'><strong>tum</strong></span> <span class='ocrx_word' id='word_1_455' title='bbox 1090 3691 1181 3751; x_wconf 67' lang='lat' dir='ltr'><strong>parad,</strong></span> <span class='ocrx_word' id='word_1_456' title='bbox 1192 3704 1261 3752; x_wconf 79' lang='lat' dir='ltr'><strong>quom</strong></span> <span class='ocrx_word' id='word_1_457' title='bbox 1279 3696 1315 3746; x_wconf 79' lang='lat' dir='ltr'><strong>ts,</strong></span> 
     </span>
     <span class='ocr_line' id='line_1_46' title="bbox 218 3753 1315 3818; baseline 0.002 -18"><span class='ocrx_word' id='word_1_458' title='bbox 218 3753 258 3814; x_wconf 74' lang='lat' dir='ltr'><strong>qni</strong></span> <span class='ocrx_word' id='word_1_459' title='bbox 268 3753 427 3816; x_wconf 67' lang='lat' dir='ltr'><strong>Montobrris.</strong></span> <span class='ocrx_word' id='word_1_460' title='bbox 462 3753 532 3805; x_wconf 87' lang='lat' dir='ltr'><strong>Gud.</strong></span> <span class='ocrx_word' id='word_1_461' title='bbox 544 3759 566 3803; x_wconf 89' lang='lat'><strong>1.</strong></span> <span class='ocrx_word' id='word_1_462' title='bbox 584 3755 610 3804; x_wconf 92' lang='lat' dir='ltr'><strong>in</strong></span> <span class='ocrx_word' id='word_1_463' title='bbox 622 3756 753 3818; x_wconf 82' lang='lat' dir='ltr'><strong>margine:</strong></span> <span class='ocrx_word' id='word_1_464' title='bbox 771 3753 852 3804; x_wconf 80' lang='lat' dir='ltr'><strong>iorum</strong></span> <span class='ocrx_word' id='word_1_465' title='bbox 863 3768 929 3818; x_wconf 75' lang='lat' dir='ltr'><strong>opus,</strong></span> <span class='ocrx_word' id='word_1_466' title='bbox 939 3755 1021 3804; x_wconf 77' lang='lat' dir='ltr'><strong>lorum</strong></span> <span class='ocrx_word' id='word_1_467' title='bbox 1031 3755 1089 3802; x_wconf 89' lang='lat' dir='ltr'><strong>illud</strong></span> <span class='ocrx_word' id='word_1_468' title='bbox 1099 3754 1234 3816; x_wconf 79' lang='lat' dir='ltr'><strong>imperium:</strong></span> <span class='ocrx_word' id='word_1_469' title='bbox 1250 3757 1315 3804; x_wconf 83' lang='lat' dir='ltr'><strong>uter·</strong></span> 
     </span>
    </p>
   </div>
   <div class='ocr_carea' id='block_1_5' title="bbox 607 3902 828 3954">
    <p class='ocr_par' dir='ltr' id='par_1_5' title="bbox 607 3902 828 3954">
     <span class='ocr_line' id='line_1_47' title="bbox 607 3902 828 3954; baseline 0.018 -6"><span class='ocrx_word' id='word_1_470' title='bbox 607 3941 610 3948; x_wconf 91' lang='lat'>.</span> <span class='ocrx_word' id='word_1_471' title='bbox 715 3902 828 3954; x_wconf 64' lang='lat' dir='ltr'>NOTAE‘</span> 
     </span>
    </p>
   </div>
   <div class='ocr_carea' id='block_1_6' title="bbox 210 3996 1314 4294">
    <p class='ocr_par' dir='ltr' id='par_1_6' title="bbox 210 3996 1314 4216">
     <span class='ocr_line' id='line_1_48' title="bbox 211 3996 1313 4068; baseline -0.005 -18"><span class='ocrx_word' id='word_1_472' title='bbox 211 4043 213 4050; x_wconf 84' lang='lat'>.</span> <span class='ocrx_word' id='word_1_473' title='bbox 249 4000 400 4052; x_wconf 82' lang='lat' dir='ltr'><strong>¹Gersiolsm</strong></span> <span class='ocrx_word' id='word_1_474' title='bbox 420 4003 508 4067; x_wconf 78' lang='lat' dir='ltr'><strong>turrim]</strong></span> <span class='ocrx_word' id='word_1_475' title='bbox 535 4001 586 4068; x_wconf 76' lang='lat' dir='ltr'><strong>Qui</strong></span> <span class='ocrx_word' id='word_1_476' title='bbox 605 4015 699 4064; x_wconf 82' lang='lat' dir='ltr'><strong>usurpa</strong></span> <span class='ocrx_word' id='word_1_477' title='bbox 721 4001 747 4048; x_wconf 88' lang='lat' dir='ltr'><strong>in</strong></span> <span class='ocrx_word' id='word_1_478' title='bbox 821 4008 839 4033; x_wconf 62' lang='grc' dir='ltr'>ω</span> <span class='ocrx_word' id='word_1_479' title='bbox 855 3998 1055 4062; x_wconf 80' lang='lat' dir='ltr'><strong>Antepuluirmr]</strong></span> <span class='ocrx_word' id='word_1_480' title='bbox 1084 3996 1313 4047; x_wconf 82' lang='lat' dir='ltr'><strong>Pulsinnriadice-</strong></span> 
     </span>
     <span class='ocr_line' id='line_1_49' title="bbox 210 4073 1314 4146; baseline -0.002 -21"><span class='ocrx_word' id='word_1_481' title='bbox 210 4078 368 4140; x_wconf 59' lang='lat' dir='ltr'><strong>‚suptilem</strong></span> <span class='ocrx_word' id='word_1_482' title='bbox 384 4081 470 4142; x_wconf 80' lang='lat' dir='ltr'><strong>genio,</strong></span> <span class='ocrx_word' id='word_1_483' title='bbox 482 4080 526 4143; x_wconf 90' lang='lat' dir='ltr'><strong>qui</strong></span> <span class='ocrx_word' id='word_1_484' title='bbox 542 4077 667 4141; x_wconf 73' lang='lat' dir='ltr'><strong>praesidet</strong></span> <span class='ocrx_word' id='word_1_485' title='bbox 684 4090 747 4138; x_wconf 87' lang='lat' dir='ltr'><strong>nup·</strong></span> <span class='ocrx_word' id='word_1_486' title='bbox 788 4076 885 4126; x_wconf 89' lang='lat' dir='ltr'><strong>bantur</strong></span> <span class='ocrx_word' id='word_1_487' title='bbox 895 4076 993 4135; x_wconf 85' lang='lat' dir='ltr'><strong>lectuli,</strong></span> <span class='ocrx_word' id='word_1_488' title='bbox 1005 4073 1098 4146; x_wconf 87' lang='lat' dir='ltr'><strong>quibus</strong></span> <span class='ocrx_word' id='word_1_489' title='bbox 1109 4077 1221 4125; x_wconf 85' lang='lat' dir='ltr'><strong>Deorum</strong></span> <span class='ocrx_word' id='word_1_490' title='bbox 1237 4074 1314 4124; x_wconf 86' lang='lat' dir='ltr'><strong>simu·</strong></span> 
     </span>
     <span class='ocr_line' id='line_1_50' title="bbox 217 4149 1074 4216; baseline -0.006 -14"><span class='ocrx_word' id='word_1_491' title='bbox 217 4152 270 4216; x_wconf 88' lang='lat' dir='ltr'><strong>tiis,</strong></span> <span class='ocrx_word' id='word_1_492' title='bbox 285 4155 368 4204; x_wconf 80' lang='lat' dir='ltr'><strong>sterni</strong></span> <span class='ocrx_word' id='word_1_493' title='bbox 386 4154 461 4205; x_wconf 89' lang='lat' dir='ltr'><strong>solet.</strong></span> <span class='ocrx_word' id='word_1_494' title='bbox 483 4155 582 4204; x_wconf 85' lang='lat' dir='ltr'><strong>Seneca</strong></span> <span class='ocrx_word' id='word_1_495' title='bbox 597 4153 624 4203; x_wconf 92' lang='lat' dir='ltr'><strong>in</strong></span> <span class='ocrx_word' id='word_1_496' title='bbox 634 4149 746 4202; x_wconf 77' lang='lat' dir='ltr'><strong>Medeae</strong></span> <span class='ocrx_word' id='word_1_497' title='bbox 786 4153 857 4202; x_wconf 79' lang='lat' dir='ltr'><strong>lacre</strong></span> <span class='ocrx_word' id='word_1_498' title='bbox 866 4150 1074 4216; x_wconf 80' lang='lat' dir='ltr'><strong>imponebantur.</strong></span> 
     </span>
    </p>

    <p class='ocr_par' dir='ltr' id='par_1_7' title="bbox 218 4225 735 4294">
     <span class='ocr_line' id='line_1_51' title="bbox 218 4225 735 4294; baseline 0 -16"><span class='ocrx_word' id='word_1_499' title='bbox 218 4225 327 4294; x_wconf 71' lang='lat' dir='ltr'><strong>‘Tuque</strong></span> <span class='ocrx_word' id='word_1_500' title='bbox 339 4231 446 4294; x_wconf 76' lang='lat' dir='ltr'><strong>genialis</strong></span> <span class='ocrx_word' id='word_1_501' title='bbox 458 4231 511 4283; x_wconf 88' lang='lat' dir='ltr'><strong>tori</strong></span> <span class='ocrx_word' id='word_1_502' title='bbox 522 4230 619 4282; x_wconf 85' lang='lat' dir='ltr'><strong>Lucina</strong></span> <span class='ocrx_word' id='word_1_503' title='bbox 630 4227 735 4280; x_wconf 76' lang='lat' dir='ltr'><strong>custoa&#39;</strong></span> 
     </span>
    </p>
   </div>
   <div class='ocr_carea' id='block_1_7' title="bbox 0 0 1554 4854">
    <p class='ocr_par' dir='ltr' id='par_1_8' title="bbox 0 0 1554 4854">
     <span class='ocr_line' id='line_1_52' title="bbox 0 0 1554 4854; baseline 0 1"><span class='ocrx_word' id='word_1_504' title='bbox 0 0 1554 4854; x_wconf 95' lang='lat' dir='ltr'><strong> </strong></span> 
     </span>
    </p>
   </div>
  </div>
 </body>
</html>
