3088 4848
517 325 797 396 renueremus.
845 339 868 388 ι.
892 323 946 388 83.
998 386 1002 400 „
1223 324 1289 388 bib

192 488 266 570 ipse
300 486 349 550 sis
388 485 545 569 optimus,
577 501 691 547 omnes
708 483 808 548 ‘circa
839 490 873 547 te
909 481 1034 546 similes
1061 483 1107 545 tut
1136 481 1289 548 effecisti.

192 589 225 652 4.
249 587 373 662 Multis
392 588 577 652 illustribus
596 585 750 648 dedecori
771 585 843 662 suit,
863 591 921 648 aut
939 581 1183 646 inconsultiusb
1205 602 1291 672 uxor

193 698 358 765 assumta,
373 696 431 752 aut
446 693 569 752 retente
583 684 763 767 patientins
777 693 808 747 :c
829 686 876 748 ita
886 684 967 747 soris
980 683 1089 748 cleros
1103 684 1290 750 domestica

197 790 395 853 destruebat
418 787 598 868 infamia30
619 795 664 864 et,
682 806 721 851 ne
742 786 880 849 maximi
895 786 986 868 cives
1002 784 1209 860 haberentur,
1226 784 1291 848 hoo

196 890 375 967 efficiebat,
392 889 483 972 quod
496 891 616 952 ,mariti
638 883 806 952 minoresd
829 895 933 952 erant.
976 889 1008 952 5.
1029 887 1109 951 Tibi
1125 894 1233 950 uxor‘
1255 886 1291 950 in

197 991 303 1054 decus
318 998 354 1053 ct
369 991 511 1071 gloriam
527 990 629 1054 cedit.
674 988 766 1067 Quid
782 989 868 1070 enim
884 989 943 1052 illa
961 989 1121 1064 sanctius,
1138 987 1217 1071 quid
1232 1007 1292 1050 an-

131 1156 138 1162 ,
196 1092 324 1175 tiquius
337 1089 375 1153 l'
416 1091 550 1167 Nonne,
572 1091 600 1154 si
622 1091 776 1173 pontifici
792 1092 964 1154 maximoss
987 1091 1140 1172 eligenda
1155 1088 1198 1153 sit
1213 1108 1293 1152 con·

191 1193 269 1277 jux,
284 1199 344 1255 ant
355 1192 454 1268 hanc,
464 1205 521 1256 aut
531 1192 680 1268 similem,
691 1192 763 1270 (ubi
778 1197 829 1254 est
840 1200 949 1254 antem
960 1193 1079 1264 similis
1087 1189 1120 1273 l)
1133 1189 1291 1272 elegerit'l

196 1295 230 1357 6.
253 1292 363 1370 Quam
379 1294 437 1356 illa
452 1293 531 1355 nihil
549 1293 614 1356 sibi
629 1312 672 1357 ex
688 1293 821 1356 fortuna
842 1301 910 1370 tua,
929 1293 995 1356 nisi
1014 1289 1199 1376 gaudium,¹¹
1222 1293 1295 1356 vin-

196 1393 308 1458 dicet!
355 1394 465 1472 Quam
482 1400 670 1458 constanter
685 1414 750 1458 non
766 1395 950 1476 potentiam
973 1402 1078 1471 tuam,
1099 1392 1159 1458 sed
1177 1394 1292 1476 ipsum

197 1501 242 1573 te,
257 1495 443 1558 reveretur!
489 1493 586 1558 Idem
602 1491 703 1558 estisi
723 1496 878 1570 invicem,
902 1496 993 1578 quod
1015 1496 1125 1566 inistis
1140 1515 1149 1572 ς
1167 1492 1295 1576 probati

199 1616 245 1660 ex
265 1615 384 1678 eequ03
406 1595 554 1678 nihilque
575 1597 673 1660 vobis
691 1596 836 1660 felicitas
855 1596 996 1672 addidit,
1015 1597 1079 1660 nisi
1100 1595 1192 1680 quod
1207 1596 1294 1659 scire

200 1698 369 1784 coepistis,
396 1717 496 1780 quam
526 1699 609 1760 bene
636 1705 776 1780 uterque
805 1702 948 1762 vestrum
979 1698 1171 1784 felicitatem
1200 1697 1293 1760 serat.

201 1803 234 1864 7.
258 1799 397 1874 Eadem,
424 1818 524 1880 quem
550 1799 681 1863 modica
710 1799 827 1864 cultu!
859 1819 960 1884 quam
982 1819 1085 1883 parca
1116 1799 1294 1863 comitatu!

203 1919 302 1984 quam
329 1899 443 1963 civilis
463 1899 643 1968 incessu!⁹
687 1899 803 1964 Mariti
822 1899 888 1963 boc
907 1921 1005 1984 opus,
1029 1901 1148 1982 quiite
1164 1898 1294 1974 imbuit,

201 2121 204 2128 ¹
233 2069 243 2094 ⁰
262 2061 596 2124 Uxorinscmirdcrrigmtnt.
849 2072 865 2104 e
883 2065 960 2120 Quam
970 2067 1072 2116 mm,
1083 2062 1172 2113 {man
1180 2060 1200 2122 ‚r

201 2272 318 2334 cumipse
339 2272 372 2320 rie
393 2272 503 2334 optimus,
523 2288 603 2322 omnes
628 2274 693 2322 cirea
722 2281 746 2324 te
772 2275 860 2325 rimilm
877 2275 913 2326 tui
933 2275 1056 2340 effutiam
1078 2288 1137 2339 qne
1166 2273 1296 2336 scripture

202 2351 253 2385 nen
277 2337 397 2399 displicet
416 2337 621 2388 sennanim-4
638 2338 720 2389 Codd.
745 2340 837 2390 Sallab.
859 2349 887 2389 et
908 2341 1077 2389 Schwarainn.
1105 2339 1230 2387 domestice
1249 2339 1298 2384 dir·

201 2400 313 2449 turbabat
332 2401 440 2459 infamio.
474 2401 644 2450 Iidem-codd.
660 2404 687 2453 id
705 2403 875 2468 ‹fitemini-⁵
896 2404 948 2452 Pro
959 2404 1067 2464 eligenda
1084 2401 1127 2464 eit,
1143 2417 1216 2466 qnam
1237 2403 1298 2450 lect.

203 2465 327 2514 exhibent
347 2478 434 2512 omnes
454 2465 528 2514 cedd.
547 2480 589 2528 ap.
605 2466 732 2513 Sclrwam.
757 2468 926 2528 deligendueit
938 2469 1050 2528 produnt
1069 2479 1119 2513 non
1139 2479 1226 2528 pauca
1238 2464 1298 2514 edd.

203 2529 279 2587 Mox,
291 2529 316 2576 in
328 2527 480 2590 qrrlbnedam
491 2528 551 2578 edd.
569 2529 608 2576 nbi
619 2533 697 2577 antem
713 2534 808 2578 ert-6
825 2530 917 2591 angg.
929 2535 991 2578 ante·
1006 2529 1133 2579 Scbwere.
1146 2528 1251 2592 pretoria
1267 2535 1299 2577 eu

203 2608 285 2654 oequo,·
303 2593 377 2640 codd.
397 2594 459 2640 Vat.
470 2597 495 2641 t.
515 2591 796 2655 manuteneretis
813 2605 845 2641 ete
862 2607 945 2654 oequn;
963 2593 1020 2641 cod.
1032 2593 1124 2640 Patar-
1138 2591 1253 2653 probntir,
1267 2606 1299 2638 en·

205 2672 249 2718 quo
265 2657 335 2718 uitii,
345 2658 405 2718 quod
416 2657 481 2704 nobie
489 2657 598 2714 feliciter
607 2657 717 2714 addidit5
733 2657 843 2704 Rehriue
854 2655 924 2718 conj.
939 2657 1034 2719 probuti
1045 2657 1108 2704 inter
1118 2670 1160 2703 noe
1177 2669 1208 2703 err
1224 2669 1298 2716 ecquo.

204 2719 272 2768 Vide
293 2721 368 2768 Nott.
381 2720 459 2769 Varr.
492 2719 565 2774 Mox,
581 2720 657 2768 codd.
675 2720 768 2769 Patav.
784 2720 967 2782 inrepertum·
985 2734 1034 2769 non
1051 2720 1128 2781 male,
1141 2729 1168 2767 ιιι
1180 2720 1300 2781 opinatur

204 2783 422 2832 Selinusium-⁷
441 2783 504 2833 Cod.
517 2785 610 2832 Pater.
627 2798 696 2845 ouum
705 2784 780 2833 cicilie
788 2787 814 2832 ire
823 2799 921 2832 moreau.
955 2785 1028 2843 Morr,
1041 2784 1107 2832 Exc.
1121 2784 1195 2830 Vnae.
1213 2781 1299 2845 quiite

206 2849 306 2896 inuenit
314 2864 324 2906 ,·
341 2848 382 2896 ed.
395 2847 512 2896 Kircbnr.
529 2849 570 2912 qui
579 2849 615 2897 itu
624 2847 738 2900 incubuit.
772 2849 836 2900 Ced.
848 2849 939 2898 Pater.
959 2855 987 2898 et
1005 2847 1305 2910 elementissimo

658 3009 662 3018 '
701 3027 808 3077 norm

240 3121 441 3185 blrrccnrrrltinr]
466 3121 544 3170 Haud
565 3122 629 3170 satie
648 3122 735 3184 explo-
777 3136 866 3186 pornm
886 3129 1025 3185 matrones,
1044 3136 1141 3170 merum
1163 3120 1301 3170 sanctitate

210 3197 275 3246 ratis
287 3197 344 3258 ejus
356 3197 478 3245 moribus.
776 3198 867 3246 melius
879 3198 992 3246 referat?

241 3271 521 3334 eltetcrrtnpertinatius]
548 3270 665 3334 Cognitis
680 3271 735 3334 ejus
807 3273 952 3336 &Pontifici
974 3273 1089 3336 monimo]
1113 3274 1155 3322 De
1176 3269 1300 3336 pontifice

210 3349 316 3410 stupris.
349 3349 386 3397 Ut
408 3348 572 3397 Durnltlanue
595 3347 736 3396 Domitiam
775 3339 1111 3412 maximodixicep.nn1v.

210 3423 352 3486 Longinam
365 3423 435 3472 tulit.
808 3422 896 3474 hNisi
912 3424 1040 3488 goudium]
1065 3425 1157 3489 Neque
1178 3424 1256 3488 enirn,
1273 3429 1302 3474 nt

242 3497 255 3532 ⁶
272 3499 361 3547 Mariti
379 3497 491 3560 minores]
517 3497 550 3546 Id
569 3503 618 3556 eet,
638 3497 736 3548 infelici
778 3506 923 3550 ceterarum
943 3503 1077 3552 mulierum
1099 3501 1231 3564 ingenium
1252 3507 1303 3557 eet,

211 3573 375 3622 matrimonio
384 3573 481 3636 juncti,
494 3571 602 3636 ideoque
615 3571 736 3625 feliciori·
778 3589 834 3625 eam
848 3577 945 3628 obrem
958 3577 1115 3636 intumescit,
1131 3577 1199 3640 qnod
1213 3582 1303 3625 auctus

211 3639 260 3698 bue
277 3649 377 3697 maritis
391 3648 501 3710 minores,
513 3659 542 3697 ιιι
556 3650 671 3699 Catanen
683 3652 738 3713 ple·
778 3653 813 3700 eie
825 3652 951 3715 imperim
969 3665 1017 3702 nec
1030 3657 1080 3702 tim
1093 3665 1139 3700 aua
1153 3664 1231 3700 cenea
1241 3655 1303 3712 'gau-

213 3731 270 3773 cet:
289 3725 329 3773 vel
349 3724 472 3773 uxoribus
490 3723 601 3788 minoret,
619 3724 687 3789 quod
706 3725 738 3773 iis
779 3725 835 3788 det,
846 3737 921 3790 qrratn
933 3735 985 3776 tna.

213 3801 341 3848 serviliter·
351 3801 535 3865 obsequentur.
814 3801 821 3834 ¹
833 3803 899 3850 idem
910 3801 982 3865 estis]
1004 3799 1086 3848 Ildem
1107 3800 1167 3848 estis
1180 3799 1205 3848 in
1222 3800 1303 3862 impe-

245 3884 260 3911 ·
272 3875 352 3938 Uror]
365 3877 478 3932 Plotina,
487 3876 520 3924 de
532 3891 581 3940 qna
593 3875 676 3939 plura.
687 3871 739 3922 'vl-
779 3877 877 3926 sutoria
887 3877 1026 3940 dignitate,
1037 3876 1080 3941 qni
1092 3877 1151 3925 olim
1167 3875 1192 3922 in
1205 3875 1305 3937 privata

214 3953 248 4002 de
267 3953 293 4001 in
307 3953 367 4001 Vita
378 3953 485 4015 Trajeni
503 3951 564 4000 huic
575 3950 739 4014 Panegyrico
779 3950 890 4000 fortune.
924 3951 1001 4001 Unde
1012 3950 1100 3999 inferri
1113 3956 1200 4013 potest
1215 3950 1305 4011 'l'raja-

213 4026 332 4092 prefixa.
626 4063 629 4072 ι
778 4040 840 4078 num
851 4026 953 4077 duxisse
963 4027 1102 4089 Plotinam,
1111 4033 1248 4092 antequam
1258 4025 1306 4075 iur-

248 4099 257 4134 ‘
273 4102 481 4167 Quidnatiqniue]
508 4101 549 4152 Αιι
565 4101 617 4151 ulla
628 4099 678 4150 alia
689 4106 741 4165 ert,
780 4101 978 4167 peratorfier'et.

215 4195 273 4246 qne
286 4189 372 4232 caeter
384 4189 411 4232 et
428 4180 528 4234 nobiter
546 4181 658 4246 priorum
675 4185 740 4230 tem·
