3112 4852
540 395 826 447 rsuaurnrcns.
871 381 975 445 1.35.
1246 380 1313 446 225

208 541 283 625 qni,
300 539 479 604 clementia
492 558 556 602 sna
578 538 686 616 salva,
702 537 862 602 ultionem
884 535 1055 605 hominnm
1079 541 1305 624 terrarumque

213 643 294 708 Diis
307 641 411 707 maris
422 639 712 708 commendassem
746 639 779 704 2.
804 636 978 716 Quantum
988 638 1167 727 diversitas
1181 649 1311 723 tempo·

214 761 286 806 rum
302 747 429 825 posset,
444 747 512 806 tum
528 741 675 806 maxime
701 739 868 822 cognitum
893 749 957 816 est,
981 759 1056 804 oum
1079 740 1213 819 iisdem,
1238 743 1311 826 qui·

214 845 278 910 bns
293 849 393 908 antea
415 844 568 906 cautibus
589 842 884 906 innocentissimus
903 841 1060 923 quisque,
1080 859 1170 908 nuno
1190 861 1312 908 nocen-

213 945 365 1010 tissimus
392 941 598 1025 affigeretur3
621 963 762 1027 cumque
785 935 915 1008 insulas
936 962 1066 1021 omnes,
1094 963 1179 1028 quas
1209 945 1311 1010 modo

212 1051 418 1116 senatorum,
451 1046 523 1128 jam
548 1044 732 1110 delatorum
764 1045 863 1108 turba
889 1044 1089 1126 compleret:
1120 1063 1209 1127 qnos
1238 1048 1311 1129 qui·

215 1143 290 1208 dem
320 1165 387 1210 non
416 1147 451 1209 in
480 1157 631 1228 praesens
655 1151 793 1221 tantum,
824 1146 884 1208 sod
916 1145 951 1206 in
981 1149 1152 1222 aeternum,
1183 1165 1312 1228 repres-

214 1244 302 1324 sisti,
327 1247 362 1311 in
383 1248 441 1312 illa
466 1266 637 1330 poenarum
663 1246 838 1330 indagine⁰
863 1245 1044 1310 inclusos!
1087 1248 1120 1311 3.
1148 1247 1308 1330 Ereptum

243 1450 253 1474 ³
272 1443 306 1491 Ut
316 1443 377 1492 nibil
383 1443 476 1504 faceret
491 1449 574 1492 contra
587 1442 733 1492 clementium
749 1443 796 1492 sibi
812 1443 1058 1504 innominatum
1077 1449 1238 1510 tonorumque
1250 1447 1310 1496 Diis

212 1507 341 1555 vindictam
351 1509 511 1556 commisisset.

240 1569 258 1610 s
271 1571 289 1619 I
288 1586 450 1620 summram
459 1571 626 1634 suppliciorum
632 1570 701 1634 qnasi
711 1572 802 1635 laqueis
813 1571 913 1621 cinctos.

674 1727 854 1747 ”OOW

214 1844 247 1892 de
265 1852 345 1905 portu
362 1844 464 1893 scilicet
482 1842 656 1905 interpretor!
674 1843 760 1892 Faber.
794 1842 920 1892 ‘Scilicet
936 1843 1022 1892 Fabro
1035 1858 1068 1894 es
1079 1851 1140 1893 neta
1151 1847 1312 1911 conjecturs,

214 1908 282 1972 qnod
293 1910 321 1956 in
333 1909 450 1956 omnibus
460 1909 573 1971 antiquis
585 1908 742 1957 editionibus
754 1906 880 1955 habeatur
891 1907 958 1956 iliam
968 1915 995 1956 et
1006 1908 1055 1956 boc
1071 1910 1096 1955 in
1111 1909 1175 1958 Ere.
1188 1913 1260 1960 Voss.
1274 1929 1314 1962 re·

215 1973 323 2034 peritur.
357 1971 567 2034 Sediliridipsum
578 1971 822 2020 morerentumest.'
837 1970 924 2018 Arnis-
959 1971 1024 2019 Cod.
1035 1973 1128 2022 Venet.
1140 1975 1254 2024 ammento
1265 1991 1313 2039 pro

213 2036 343 2086 ctemento.
378 2035 470 2083 Pater.
481 2038 594 2084 citiorem
612 2035 714 2082 omnium
728 2039 948 2095 terrorumque-2
966 2035 1078 2098 Gueipb.
1088 2037 1178 2086 ciuibus
1194 2053 1242 2101 pro
1258 2057 1313 2090 cau-

214 2101 286 2149 tibus.
319 2100 407 2148 ‘Tunc
423 2114 447 2147 n.
463 2097 612 2163 affigeretur]
633 2097 666 2146 In
683 2097 771 2145 Vossii
789 2105 816 2146 et
834 2099 916 2146 altero
933 2098 1013 2147 dudit
1029 2098 1104 2162 libro,
1122 2115 1168 2163 pro
1184 2105 1314 2164 particula

176 2193 179 2196 -
214 2169 279 2225 tnnc,
290 2161 444 2212 rescribitur
454 2177 531 2219 πωπω,-
549 2177 596 2210 nec
608 2163 691 2210 male:
709 2161 770 2225 quia
781 2161 847 2211 banc
859 2164 990 2223 requirere
1001 2163 1106 2213 videtur
1116 2179 1226 2229 sequens
1236 2168 1313 2232 bajus

215 2229 315 2290 periodi
332 2226 484 2289 membrum,
502 2226 546 2274 nbi
557 2226 657 2276 Plinius
666 2224 757 2276 itidem
769 2227 816 2288 ait,
825 2227 880 2286 jam
890 2229 1020 2276 delatorum
1031 2228 1100 2277 turba
1110 2231 1244 2292 compleret.
1278 2233 1314 2282 Et

210 2293 361 2356 Scioppius,
373 2290 405 2339 de
423 2291 489 2340 Arte
507 2291 616 2346 Crines,
627 2297 749 2346 testatur,
759 2304 810 2338 non
825 2305 882 2339 roro
893 2291 959 2354 lieri,
971 2298 1000 2342 ut
1011 2294 1036 2340 in
1050 2293 1162 2356 antiquis
1178 2295 1313 2346 codicibus

215 2357 274 2405 istae
287 2356 432 2418 particula,
443 2370 505 2404 nuno
516 2363 543 2403 et
552 2361 616 2409 tunc,
626 2370 681 2404 nom
693 2362 720 2403 ct
732 2369 787 2410 non,
799 2355 936 2406 alibrariis
949 2357 1162 2416 permisceantur.
1195 2359 1312 2410 Verbum

213 2423 359 2486 affigeretur,
378 2420 404 2466 iu
420 2420 508 2468 codice
520 2420 570 2469 Me.
589 2419 738 2480 Perisiensi,
750 2427 776 2466 et
788 2429 887 2481 nostro,
899 2428 927 2469 et
938 2421 967 2467 in
984 2422 1111 2483 omnibns,
1122 2436 1180 2484 qnae
1193 2424 1313 2488 vidimus,

215 2486 346 2546 impressis
363 2483 564 2545 exemplaribus,
576 2483 748 2546 exprimitur;
765 2483 791 2529 in
810 2485 862 2531 snio
881 2485 963 2531 altero
978 2483 1059 2532 Gudii
1074 2485 1139 2534 libro
1155 2502 1170 2533 e
1186 2487 1244 2536 cod.
1259 2489 1313 2538 Ms.

215 2563 263 2611 pro
275 2564 307 2597 eo
319 2556 458 2596 annotatur
469 2549 624 2612 affligeretur.
655 2547 698 2594 Sic
711 2560 772 2593 vero
785 2545 922 2595 ridendum
935 2549 1037 2595 censuit
1048 2549 1244 2612 Rittershnrius,
1257 2565 1312 2600 rec·

215 2614 300 2661 tinsne
318 2614 361 2673 sit,
372 2620 400 2660 ct
411 2627 425 2658 a
437 2612 523 2660 Plinio
536 2611 660 2672 scriptum
672 2611 837 2674 affligeretur?
873 2611 959 2672 Atque
972 2611 1039 2658 idern
1051 2613 1127 2659 etism
1140 2612 1255 2662 Grutero
1267 2615 1314 2664 ali·

215 2679 316 2740 qnando
336 2679 362 2724 in
379 2684 492 2722 mentem
511 2681 634 2731 veneram
651 2677 694 2736 qni
710 2681 796 2720 temen
814 2687 873 2720 mos
892 2674 947 2734 ipse
966 2672 1078 2734 agnovit,
1092 2674 1198 2723 verbum
1217 2676 1312 2740 ubique

209 2742 265 2803 jrrn
285 2746 419 2802 receptum
435 2740 581 2802 affigeretur,
595 2750 646 2783 non
662 2737 720 2783 loco
737 2748 794 2782 esse
810 2735 974 2786 movendum.
1009 2737 1040 2785 Id
1059 2737 1127 2800 qnod
1145 2739 1222 2788 etiam
1242 2750 1314 2790 recte

216 2813 304 2853 tuetur
313 2801 357 2853 do.
369 2802 439 2850 Frid.
450 2801 607 2862 Gronovius,
619 2800 645 2846 in
660 2798 724 2847 libro
740 2812 807 2846 noro
822 2799 1052 2862 Observationum,
1065 2817 1090 2864 p.
1103 2805 1159 2852 112.
1170 2804 1214 2852 ubi
1225 2803 1312 2868 docet,

216 2869 267 2917 tria
283 2870 338 2916 baec
355 2866 441 2921 verbs,
453 2863 566 2926 ‘affligi'
577 2869 585 2893 ‘
595 2861 682 2926 affigi.'
693 2871 721 2912 et
732 2865 740 2892 ⁴
752 2860 837 2919 uffici,’
847 2863 955 2912 confusa
969 2866 994 2912 in
1008 2865 1137 2915 veteribus
1149 2867 1222 2917 libris
1234 2869 1314 2918 embi-

215 2948 279 2995 gnns
291 2946 342 2980 non
353 2945 483 2993 nunquam
496 2929 604 2978 reddere
616 2928 755 2978 lectiones:
774 2941 831 2976 cum
844 2928 963 2990 primum,
975 2932 983 2958 ‘
993 2934 1069 2980 terrae
1082 2930 1146 2980 illidi
1156 2930 1175 2992 ς’
1193 2933 1313 2998 alterum,

213 2994 376 3058 fcobaereref
383 2998 500 3056 ‘arteque
510 2993 632 3057 conjungi
641 2991 659 3054 ;’
667 2992 782 3048 tertium,
790 2992 975 3046 ‘commoveri'
983 2993 1229 3060 ‘turbarifrrirxem
1236 2999 1313 3061 signi·

215 3060 288 3110 ficet.
322 3059 415 3121 Iteque
436 3059 462 3106 in
481 3058 529 3106 boc
549 3058 628 3107 Plinii
647 3059 712 3109 loco,
731 3058 868 3120 affigeretur
886 3058 1047 3106 retinendum
1060 3059 1232 3120 demonstrat,
1262 3063 1313 3113 uod

215 3123 350 3186 naufragio
362 3124 455 3186 ejectas
467 3123 494 3170 in
506 3123 580 3170 littus
591 3121 652 3170 ratis
660 3121 698 3184 (bi
708 3130 795 3169 autem
806 3121 906 3180 scopuli
915 3122 1015 3183 insulan,
1023 3122 1048 3169 in
1058 3122 1149 3184 quibus
1158 3079 1315 3174 claudelran·

181 3243 183 3249 ,
215 3199 259 3238 tnr
270 3185 402 3250 relegati)
415 3201 475 3248 pars
487 3186 665 3233 adhaerescere
676 3185 759 3232 soleat
770 3183 858 3231 tirone
875 3185 996 3232 Scirem.
1024 3186 1158 3235 Particuia
1167 3202 1229 3236 nunc
1240 3197 1315 3238 extet

215 3253 242 3301 in
257 3252 335 3301 codd.
353 3252 429 3298 Vatt.
442 3255 465 3297 l.
478 3253 502 3297 2.
512 3253 536 3297 3.
546 3257 571 3298 4.
605 3249 702 3296 venet.
714 3247 827 3308 Gueipb.
840 3255 867 3294 et
881 3249 947 3296 Era.
957 3249 1032 3296 Voss.
1045 3254 1102 3298 minc
1115 3249 1141 3297 in
1153 3252 1247 3300 ceteris
1260 3267 1316 3302 om·

215 3317 290 3366 nibns
307 3331 348 3375 ap.
360 3315 490 3364 Schwarn.
520 3315 660 3377 affigeretur
670 3311 747 3360 codd.
759 3311 844 3360 Paris.
855 3312 949 3361 Venet-
959 3311 1090 3362 Schwara.
1102 3322 1127 3360 et
1140 3317 1175 3364 al.
1196 3317 1315 3381 affligere·

217 3387 257 3430 tur
267 3381 340 3428 vait.
349 3383 372 3427 l.
380 3383 404 3427 2.
414 3381 438 3425 8.
446 3381 470 3426 t.
480 3383 507 3426 et
518 3376 628 3438 Gneipir.
648 3377 721 3436 Mox,
732 3375 819 3438 vulgg.
830 3376 893 3424 indie
902 3389 1039 3438 plenarum
1055 3386 1082 3425 et
1090 3377 1128 3426 sic
1139 3380 1232 3430 Peter.
1245 3381 1315 3430 ‘Pro

216 3445 290 3504 mille,
302 3443 438 3506 legendum
456 3455 513 3490 esse
531 3441 556 3488 in
571 3441 622 3497 illo,
629 3439 686 3504 jam
703 3455 719 3488 a
735 3448 824 3489 vetere
842 3440 933 3488 codice
945 3441 998 3490 Ms.
1009 3442 1036 3490 in
1052 3442 1135 3492 altero
1151 3442 1231 3494 Gudii
1247 3445 1315 3496 libro

218 3517 369 3558 annotatum
388 3515 442 3564 est;
458 3521 516 3568 qnae
534 3505 611 3554 lectio
628 3505 706 3554 etiam
725 3503 820 3553 iudicio
836 3504 1043 3567 libri,Vossiani,
1060 3509 1176 3571 quamvis
1193 3511 1316 3572 quodam·

217 3573 297 3621 modo
309 3571 451 3630 obscurius,
469 3570 653 3629 confirmatum
665 3583 723 3618 cum
733 3569 790 3631 ejus
800 3569 908 3630 margini
918 3570 1058 3633 ascriptum
1070 3573 1105 3620 sit
1114 3573 1187 3621 inillo
1196 3575 1316 3634 indigene.

218 3637 259 3686 Eo
275 3635 377 3684 iscilinr
394 3643 480 3684 autem
496 3633 553 3683 fieri
565 3634 660 3696 potuit,
671 3640 699 3690 ut
711 3633 776 3682 mille
786 3633 945 3684 scriberetur
957 3649 1003 3696 pro
1019 3635 1046 3682 in
1056 3636 1115 3692 iiior
1133 3651 1183 3700 quo
1194 3637 1316 3700 frequen-

218 3703 271 3750 tius
290 3702 315 3748 in
333 3700 443 3763 antiquis
463 3698 596 3747 codicibus
613 3714 647 3758 m,
663 3705 710 3748 aut
723 3697 759 3756 ai,
775 3712 822 3760 pro
839 3699 1007 3762 in‚scriptnm
1026 3699 1175 3747 invenitur?
1192 3701 1316 3750 Scbworz.

218 3766 296 3816 Hanc
312 3765 372 3814 lect.
389 3763 489 3826 recepit
505 3763 670 3812 Arntaenins.
711 3763 786 3823 ‘Ego
804 3764 1008 3823 ampiexussum
1024 3763 1088 3812 mille
1103 3777 1232 3825 porrorum,
1247 3765 1317 3827 quod
1371 3789 1379 3806 ε

218 3829 295 3882 codd.
306 3844 395 3878 omues
414 3837 441 3878 et
459 3827 517 3876 edd.
535 3827 634 3890 antiqq.
647 3824 807 3889 praeierunt!
831 3826 976 3886 ctorem-3
994 3826 1087 3874 Catan.
1100 3827 1159 3875 Ald.
1173 3826 1205 3875 R.
1222 3827 1316 3891 Stepb.

651 3941 654 3951 =
713 3983 820 4034 NOTAE

251 4105 263 4132 ⁶
280 4097 410 4160 indagine]
420 4096 518 4146 Creber
529 4103 568 4146 est
579 4097 746 4160 inmetapbo·
788 4111 829 4146 ras
844 4096 989 4152 includunt,
1009 4101 1046 4157 et,
1061 4102 1091 4143 ut
1103 4092 1245 4158 sitvirgil.
1256 4093 1317 4147 din.

117 4214 121 4220 .
220 4177 257 4224 ris
270 4175 379 4226 Plinius.
413 4175 479 4224 Haeo
497 4172 747 4224 dncteestavena·
787 4172 1276 4237 iniit.‘rdtusiudcgineolngunt'

221 4251 332 4312 toribus,
341 4250 384 4316 qui
396 4250 587 4312 circumpositis
597 4247 696 4299 retibus
707 4246 747 4298 is·

286 4332 374 4396 Delpb.
386 4337 410 4382 et
424 4331 484 4383 Vno.
496 4331 561 4381 Cios.
707 4327 800 4392 Posce.
815 4328 868 4379 Vn.
1229 4330 1252 4378 P
1313 4345 1314 4348 ¹
