3022 4852
751 804 832 882 'nn

232 1011 234 1018 ’
355 1051 825 1142 ῬΑΝΕΟΥΒΙΟΙ
877 981 1195 1140 paramur

281 1310 603 1388 vmrumsns
643 1309 714 1384 m
754 1249 910 1384 vmns
952 1303 1294 1386 nrspurnmo.

451 1599 513 1661 [ax
530 1598 628 1647 eurr.
646 1598 679 1647 o.
699 1599 728 1647 a
745 1597 887 1658 elsarn,
906 1595 1133 1657 crespelano]

599 1709 974 1724 W

243 1870 481 1974 Quanquam
506 1897 537 1959 in
558 1894 905 1959 animadversionibus
932 1896 1068 1971 nostris,
1088 1897 1211 1979 quibus
1226 1896 1334 1979 quali-

241 2017 383 2082 cumque
407 1995 508 2082 opdra
530 2007 646 2062 nostra
670 1997 769 2061 Plinii
797 1998 989 2062 Orationem
1013 1997 1255 2080 Panegyricum
1280 1998 1334 2062 vel

240 2120 422 2178 recensere,
438 2099 488 2163 vel
503 2099 666 2163 illustrare
681 2100 790 2162 conati
806 2119 933 2174 sumus,
949 2099 982 2162 id
999 2119 1132 2181 quoque
1144 2103 1334 2162 constanter

239 2203 380 2283 egimus,
397 2210 433 2266 ut
454 2201 496 2264 de
519 2201 698 2264 virtutibus
724 2201 890 2284 cujusque
911 2201 978 2265 loci
999 2209 1032 2270 et
1052 2201 1140 2264 vitiis
1157 2202 1332 2266 studiosos

239 2303 514 2382 admoneremus3
537 2320 601 2364 nou
618 2310 730 2365 tamen
746 2321 1028 2384 supervacaneam
1046 2304 1217 2387 suscipere
1231 2303 1332 2366 nobis

239 2403 388 2468 videmur
399 2423 545 2487 operam,
557 2403 586 2465 si
601 2404 634 2466 in
648 2403 753 2466 fronte
770 2402 934 2466 Editionis
950 2412 1073 2468 nostrae
1090 2404 1238 2466 universe
1252 2423 1332 2466 nou·

237 2505 329 2569 nulla
344 2506 386 2570 de
405 2505 503 2589 hujus
518 2505 680 2568 orationis
697 2506 831 2587 ingenio
846 2514 882 2569 et
897 2513 1014 2569 natura
1030 2506 1249 2588 disputamus.
1294 2505 1332 2568 Si

236 2609 312 2690 quis
327 2611 424 2683 enim,
437 2609 589 2689 longiora
603 2607 765 2688 inprimiS,
782 2628 844 2672 uec
859 2609 924 2672 levi
940 2615 1104 2670 momento
1124 2608 1330 2683 aestimanda,

235 2711 357 2792 ingenii
379 2729 484 2794 opera
508 2729 582 2772 cum
604 2709 713 2774 fructu
731 2708 1031 2791 cognoscererult,
1046 2728 1110 2772 non
1127 2708 1212 2770 satis
1229 2709 1261 2772 ei
1275 2709 1330 2784 sit,

235 2813 268 2874 in
292 2813 369 2894 ipso
385 2813 539 2875 lectionis
553 2811 694 2874 decursu
712 2811 917 2892 singulorum
933 2811 1083 2874 locorum
1098 2809 1261 2874 rationem
1284 2809 1330 2872 ad

234 2914 420 2995 legesbene
431 2911 562 2976 dicendi
575 2915 803 2992 examinasse
825 2912 896 2988 sed,
909 2911 1005 2976 finita
1019 2911 1120 2974 totius
1135 2911 1245 2994 operis
1261 2911 1330 2974 lec·

232 3015 335 3090 tione,
351 3015 492 3097 primum
517 3014 581 3076 sub
604 3023 696 3076 certa
718 3015 831 3097 capita
854 3014 983 3096 redigat
1005 3033 1057 3087 ea,
1075 3014 1197 3098 quibus
1219 3013 1330 3097 placet

233 3117 387 3199 scriptor,
404 3117 526 3199 quibus
549 3134 633 3196 non;
657 3122 726 3178 tum
750 3123 866 3197 partes
888 3116 971 3179 inter
987 3134 1025 3178 se
1042 3122 1223 3196 comparet,
1239 3116 1329 3180 vide·

232 3223 344 3301 atque,
360 3237 400 3280 au
423 3215 533 3300 operis
557 3234 687 3279 summa
710 3215 793 3279 felix
809 3217 871 3281 sit:
894 3223 994 3300 atque
1010 3217 1057 3280 ita
1073 3214 1216 3296 demum,
1232 3237 1329 3300 pero·
1392 3265 1395 3270 -

231 3326 302 3384 rata
321 3319 424 3382 veluti
445 3318 534 3380 omni
550 3337 667 3393 causa,
683 3317 725 3380 de
741 3326 878 3382 auctore
893 3339 968 3396 suo,
983 3325 1138 3400 tanquam
1154 3317 1262 3400 judex
1277 3339 1329 3382 sc·

231 3438 344 3496 verne,
360 3419 560 3500 pronuntiet.
605 3419 645 3482 In
667 3422 774 3484 aureis
791 3421 905 3503 itaque
918 3420 985 3484 illis
996 3419 1188 3504 praeceptis,
1206 3420 1328 3504 quibus

231 3523 455 3587 studiosorum
475 3523 649 3586 lectionem
667 3522 894 3600 Quintilianus
907 3524 1011 3611 (Iust.
1029 3541 1069 3589 x.
1085 3521 1134 3608 1.)
1148 3525 1280 3588 instruit
1294 3531 1327 3590 et

229 3625 375 3710 adJuvat,
393 3623 525 3706 ponitur
545 3628 578 3686 et
598 3624 679 3688 hoc:
703 3625 807 3690 ‘Non
823 3646 884 3709 per
900 3634 1009 3708 partes
1024 3624 1125 3690 modo
1142 3623 1326 3689 scrutanda

229 3728 353 3801 omnia,
376 3725 433 3788 sed
459 3725 646 3806 perlectum¹
663 3726 782 3792 librum
803 3731 921 3816 utique
941 3747 985 3791 ex
1007 3729 1136 3807 integro
1157 3745 1326 3789 resumen-

229 3827 338 3891 dum:'
367 3846 508 3910 eamque
532 3825 728 3890 industriam
756 3832 945 3895 oratoribus
972 3829 1126 3912 inprimis
1157 3828 1326 3892 contendit

228 3949 300 3991 esse
325 3927 559 3992 adhibendam.
618 3928 691 3992 Nec
716 3931 812 3996 aliter
836 3933 969 3998 Plinius
992 3932 1077 4012 ipse,
1098 3927 1246 4009 magistri
1269 3930 1324 3993 sui

228 4030 316 4094 haud
340 4030 440 4093 dubie
464 4030 645 4112 disciplina
668 4033 871 4112 admonitus,
891 4042 924 4099 et
947 4029 1064 4107 sensit,
1084 4037 1117 4092 et
1136 4048 1244 4111 ,opera
1262 4049 1324 4094 sua

228 4131 414 4196 examinari
428 4133 544 4194 voluit.
582 4131 764 4198 Cumanim
780 4137 942 4219 Pompeio
956 4127 1327 4216 Satnmino(Ep.r.8.)
1415 4123 1416 4126 '

230 4235 411 4299 orationem
440 4235 622 4316 quandam,
650 4239 799 4303 curatius
829 4258 849 4302 a
875 4259 911 4307 sc
941 4234 1157 4310 elaboratam,
1183 4232 1324 4296 mitteret
