3088 4848
246 371 311 446 272
613 393 647 439 o.
671 384 793 439 aaran
817 389 1008 443 saccum·

245 534 445 598 bendantur·
491 527 592 610 Nam,
618 554 695 604 curn
718 532 761 599 de
784 535 874 600 malo
895 537 1048 620 principe
1069 535 1196 619 posteri
1220 521 1345 616 tacent,

245 638 459 702 manifestum
473 643 537 713 est,
552 635 669 700 eadem
684 637 792 702 facere
805 645 1015 719 praesentem.
1096 671 1099 679 ·

289 737 381 802 Cur.
400 753 474 800 etv.
508 739 541 801 1.
564 736 609 801 Et
623 737 702 821 quis
710 740 783 822 jam
797 739 894 804 locus
909 740 1040 803 miserae
1056 739 1261 804 adulationis
1275 761 1346 805 ma-

245 839 347 904 nebat
375 839 528 924 ignarus:
550 857 626 902 cum
653 839 771 903 landes
797 840 1035 922 imperatorum
1061 841 1150 904 ludis
1179 843 1281 906 etiam
1312 845 1348 908 et

245 940 543 1006 comissationibus
566 940 822 1016 celebrarentur,
838 943 1044 1024 saltarentur,
1068 949 1170 1026 atque
1193 941 1226 1006 in
1248 962 1346 1010 omne

245 1041 426 1106 ludibrium
443 1037 659 1106 effoeminatis
675 1044 830 1122 vocibus,
846 1044 967 1118 modis,
984 1045 1145 1126 gestibus,
1159 1045 1346 1125 frangeren-

216 1179 219 1184 -
246 1142 326 1206 turi
371 1142 439 1206 Sed
456 1142 538 1207 illud
554 1143 739 1226 indignum,
756 1145 846 1227 quod
861 1145 978 1208 eodem
995 1152 1158 1228 tempore,
1173 1146 1208 1210 in
1226 1153 1346 1211 senatu

246 1252 281 1310 et
295 1244 329 1308 in
343 1261 457 1324 scena,
472 1245 515 1310 ab
529 1244 691 1310 histrione
707 1253 742 1312 at
757 1265 778 1314 a
794 1245 957 1326 consule,r
968 1247 1203 1314 laudabantur.
1249 1247 1281 1313 2.
1291 1247 1346 1313 Tu

245 1547 339 1598 Cstsu.
352 1553 380 1598 et
391 1549 502 1596 recentt.
514 1559 580 1596 sessi
589 1544 678 1597 meriti.
711 1543 827 1601 Deinde,
838 1543 898 1594 cod.
908 1544 1003 1595 Patar.
1013 1559 1067 1594 rum
1075 1544 1136 1595 ossio
1144 1543 1261 1607 principe.

279 1611 346 1660 Car.
368 1625 424 1661 arv.
454 1616 466 1661 l
487 1611 575 1673 Ecquis
589 1610 647 1661 cod.
660 1611 743 1660 Lirin.
755 1625 812 1659 cnm
826 1610 884 1659 edd.
897 1610 1004 1670 cuspin.
1016 1610 1091 1659 Junt.
1108 1617 1136 1657 et
1147 1608 1239 1658 Arate.
1273 1609 1346 1658 ‘Mo

245 1675 316 1724 nebat
329 1673 430 1736 gnarus]
448 1675 497 1724 Cui
509 1689 559 1723 non
570 1675 687 1723 suboleat
698 1673 818 1724 desectus
834 1673 938 1737 qnidam
954 1675 980 1722 in
997 1674 1035 1722 bis
1054 1673 1149 1736 verbis,
1168 1686 1243 1737 qnam
1261 1681 1346 1722 tamen

246 1753 296 1788 non
315 1738 392 1788 focile
411 1738 495 1788 adlrue
516 1739 754 1789 animadverterunt
771 1739 867 1788 critici.
899 1739 1017 1802 vestigia
1033 1738 1090 1801 ejus
1106 1736 1347 1801 quomodocumque

245 1803 344 1854 indicat
355 1804 505 1864 Beroaldus,
516 1805 558 1866 qni
570 1803 626 1852 brae
637 1804 713 1853 verbo
725 1805 762 1852 ita
773 1803 882 1854 obscure
893 1803 993 1853 edidit:
1012 1803 1047 1851 Et
1057 1802 1169 1865 pubium
1178 1803 1243 1850 locrus
1253 1803 1345 1850 misero

244 1869 391 1918 mutationis
401 1867 527 1920 morabot?
535 1884 626 1930 suorum
636 1883 688 1918 eum
699 1871 781 1918 londes
791 1869 966 1930 imperatorum,
977 1870 1018 1930 so.
1040 1867 1135 1930 Neque
1147 1866 1224 1916 aliter
1236 1867 1347 1928 primunr

245 1931 365 1982 ediderat
377 1933 560 1996 Cusplulanns,
570 1934 617 1982 nisi
630 1934 698 1996 qrrod
710 1933 752 1982 hic
764 1933 866 1982 deinum
877 1933 945 1980 inter
957 1937 1043 1980 errata
1055 1931 1243 1994 typographica
1260 1937 1348 1982 monet

245 1997 384 2059 legendum
401 2011 458 2047 esse
475 1998 583 2046 monebat
598 1995 721 2057 iussurus?
755 1997 825 2046 Hinc
841 1995 908 2045 forte
921 1995 1059 2044 ereuanns
1070 1995 1129 2044 buie
1145 1994 1250 2044 lectioni
1262 1996 1347 2044 locum

245 2061 319 2112 dedit
330 2077 337 2121 ς
357 2075 433 2124 quam
446 2076 513 2111 nrrnc
526 2061 626 2123 plenius
638 2063 790 2110 corroborat
809 2061 983 2111 testimonium
994 2059 1092 2110 codicis
1108 2059 1201 2114 nostri,
1217 2066 1308 2120 utpote
1320 2059 1345 2109 in

244 2139 296 2189 quo
304 2127 359 2174 baec
371 2125 465 2174 diserte
478 2126 601 2188 legimus:
622 2127 656 2174 Et
667 2127 780 2187 quinium
790 2128 853 2174 brus
861 2124 954 2174 misero
963 2124 1108 2174 odulotioois
1115 2123 1224 2172 mereim
1233 2123 1347 2184 mamas?

244 2203 298 2238 mm
313 2191 393 2238 mades
403 2190 553 2250 imperatoria
563 2189 640 2250 [com]
651 2191 715 2238 ludis
730 2191 803 2238 etium
819 2195 843 2239 et
859 2190 1064 2238 comessationibus
1078 2188 1347 2250 celebrarentur-,solim

245 2253 530 2314 renumerationem
541 2253 669 2301 ludibrium
679 2253 833 2316 effeminatis
844 2254 946 2316 corilus,
957 2251 1347 2314 nouis.gestitansrmgnentur.

244 2318 383 2366 Consentis
404 2316 664 2378 elternmerremplsr
684 2316 831 2366 Gordianum
849 2317 882 2366 de
899 2331 962 2365 voce
980 2318 1070 2377 prima·
1103 2317 1209 2377 Ignorat
1226 2317 1273 2365 boe
1288 2315 1347 2366 loco

244 2378 426 2442 somrmdrspou
438 2381 507 2428 idem
520 2381 589 2429 salet
604 2379 674 2443 qrrod
685 2380 693 2407 ‘
705 2379 820 2436 uacum?
836 2379 991 2430 ‘immunis’
1025 2380 1127 2430 Deinde
1139 2393 1210 2438 sero,
1222 2379 1347 2430 incndite

244 2454 334 2494 nostro
345 2445 440 2506 copula
450 2461 493 2507 qus
505 2451 563 2506 post
575 2445 682 2492 verbum
694 2447 840 2494 roborentur
856 2446 1011 2507 tempestive
1028 2445 1173 2504 omittitur,
1192 2444 1259 2492 baud
1272 2459 1347 2493 sectus

245 2523 277 2560 ac
290 2511 367 2572 paulo
379 2509 560 2572 pernumium,
575 2509 659 2564 modis,
668 2509 785 2570 gestibus,
796 2507 928 2558 ἀσυνθέτους
939 2510 1067 2558 dicuntur.
1100 2509 1143 2558 Ad
1155 2507 1265 2557 fractam
1277 2509 1347 2558 enim

246 2573 420 2625 adulationem
432 2575 627 2636 exprimendam
640 2575 756 2624 oratione
774 2576 852 2623 etiarn
871 2575 943 2637 qrrssi
961 2573 1046 2622 fracta
1059 2572 1193 2635 solutaque
1204 2587 1269 2634 opus
1280 2579 1347 2625 erat.

244 2639 459 2702 Praepositiouem
470 2647 557 2686 nortem
568 2653 620 2686 suos
633 2647 693 2686 aute
703 2638 854 2687 vocabulum
862 2639 925 2688 ludis
934 2635 1125 2688 librariol'scile
1134 2637 1279 2686 condonare
1289 2651 1348 2699 pos·

244 2706 331 2753 simus.
364 2702 401 2752 Ar
413 2716 505 2752 nornen
517 2703 669 2764 imperatoris
677 2703 799 2765 singulari
812 2703 914 2752 nomine
927 2704 1036 2766 positum
1046 2708 1127 2751 ratam
1137 2715 1194 2750 esse
1199 2702 1277 2764 jubet
1285 2716 1347 2749 con·

241 2769 373 2832 iacturam
387 2767 476 2831 Lipsii‚
486 2766 529 2828 qni
542 2768 680 2828 singularia
692 2769 842 2830 imperatoris
854 2766 1019 2818 scribendum
1031 2766 1118 2816 suasit.
1137 2766 1201 2816 Cum
1212 2779 1272 2814 vero
1282 2779 1349 2828 prae·

244 2841 319 2884 terea
331 2845 378 2896 pro
394 2830 594 2880 commissionibus
610 2832 692 2880 codex
703 2838 792 2879 noster
804 2831 926 2880 exhibeat
937 2829 1151 2892 comessationibus,
1162 2829 1267 2879 dubites
1284 2829 1348 2885 fera,

245 2905 329 2946 utram
338 2909 427 2945 rocem
438 2896 614 2956 amplectaris,
623 2910 681 2943 curn
693 2895 817 2944 utrolibet
826 2898 910 2945 locum
921 2896 1016 2944 babere
1029 2895 1129 2958 possit?
1162 2892 1212 2942 Sed
1221 2894 1348 2955 posterio-

243 2974 299 3009 rem
307 2960 363 3021 jsm
375 2961 514 3021 vulgarunt
526 2971 624 3017 onrnes,
636 2959 678 3018 qrri
691 2957 766 3005 nobis
778 2961 874 3021 cogniti
886 2966 955 3021 suunt,
967 2959 1082 3008 editores
1096 2959 1251 3021 panegyrici
1265 2958 1348 3006 Plini·

245 3025 299 3086 ani,
315 3029 413 3088 praeter
424 3022 560 3072 cellarium
572 3029 599 3070 et
611 3022 780 3076 Petsrolimu.
799 3024 892 3087 quibus
905 3023 987 3084 Lipsii
999 3031 1026 3072 et
1037 3022 1183 3073 casauboni
1195 3023 1347 3085 conjectura

243 3089 341 3139 arrisit.
374 3087 444 3138 Satis
458 3095 544 3138 tameo
556 3085 674 3136 modeste
687 3086 798 3149 Lipsius.
832 3087 1076 3150 Retineamusergo
1092 3086 1244 3137 vocabulum
1262 3099 1348 3137 mmer-

244 3153 385 3212 sationibus,
404 3152 446 3203 eui
459 3165 527 3202 nunc
544 3151 623 3200 etiam
642 3151 771 3200 succurrit
782 3151 878 3202 codicis
891 3152 974 3202 nostri
993 3151 1145 3214 auctoritas,
1161 3159 1188 3200 et
1202 3149 1347 3200 velificatus

243 3218 427 3283 subsequentis
437 3217 488 3268 loci
499 3216 600 3266 varians
610 3214 705 3266 lentim'
722 3215 842 3266 Scbmurz.
875 3216 941 3265 Vide
954 3217 1027 3267 Nott.
1037 3217 1113 3268 Varr.
1147 3215 1154 3243 ‘
1165 3215 1234 3264 Mos.
1243 3217 1348 3278 coaspi-

245 3291 304 3334 rant
316 3282 418 3348 quidem
431 3282 457 3332 in
468 3279 681 3341 comessationibus,
702 3281 748 3330 sed
766 3295 857 3342 parum
874 3281 1000 3330 credibile
1011 3288 1062 3338 est,
1080 3279 1220 3343 'l'rsjsnum
1241 3293 1346 3330 carane

244 3364 304 3413 quis
315 3349 342 3397 tu
355 3347 462 3409 privatis
477 3346 602 3394 conuiuiis
617 3352 792 3395 cantarentur.
825 3344 877 3396 Sed
897 3346 1080 3405 commissiones,
1098 3359 1158 3394 curn
1176 3343 1347 3396 ostentationi

245 3408 613 3537 ttt⁰¹¹ttttt'’..¹¹.⁰t.llt.⁵
627 3408 1347 3536 'stitit’titillabit:totitatis.

245 3539 279 3588 de
290 3553 327 3601 se,
338 3538 386 3586 nisi
398 3546 425 3586 et
442 3537 521 3599 serio,
533 3544 560 3585 et
571 3552 585 3584 a
599 3537 828 3599 praestantissimis,
847 3536 1042 3589 offendebatur:
1062 3536 1270 3601 admonebatque
1283 3551 1349 3598 prae·

246 3610 325 3664 toras,
339 3616 371 3651 ne
383 3609 537 3664 paterentur
548 3615 641 3650 nornen
652 3615 724 3649 strum
738 3601 960 3651 commissionibus
971 3601 1135 3653 obsolefieri!
1169 3600 1263 3664 ltaque
1280 3613 1347 3664 prae·

246 3669 294 3718 tuli
305 3681 374 3716 nnnc
385 3666 668 3728 nemorumnemorum
680 3664 826 3728 profectum
837 3673 878 3714 est
890 3681 904 3715 e
915 3667 982 3729 conj.
996 3666 1079 3716 Lirin.
1088 3665 1275 3729 probatumque
1283 3664 1348 3728 Lip-

246 3735 295 3794 slo,
313 3731 425 3782 Casaub.
441 3730 468 3782 J.
485 3729 515 3780 Α.
527 3729 667 3779 Ernestin.’
686 3731 780 3792 Gierig.
814 3725 879 3779 (lod.
898 3731 991 3779 Patav.
1011 3745 1063 3778 cum
1082 3731 1249 3793 imperatorum
1265 3729 1347 3778 londes

245 3799 319 3847 etium
330 3795 667 3854 assotioru'buscelebrarentur,
675 3796 889 3857 solutoreutrrqrse.
916 3793 947 3843 ln
958 3795 1022 3845 Exn.
1031 3795 1106 3844 Voss.
1114 3793 1192 3844 etiarn
1206 3798 1347 3843 annotatur

244 3865 459 3924 solutmentumue.
496 3861 568 3921 Mox,
577 3859 605 3907 rb
616 3859 769 3922 effremius-tis
780 3860 853 3908 deest
863 3861 889 3908 in
899 3859 958 3908 cod.
970 3861 1064 3910 Patav.
1097 3859 1181 3908 Paulo
1193 3865 1261 3921 post,
1273 3857 1346 3905 Han·

245 3941 315 3978 matr.
328 3928 419 3991 voluit,
430 3925 663 3988 immurmurare
678 3925 703 3973 irs
714 3939 783 3974 saeuo
794 3925 823 3972 ob
832 3925 952 3982 iuuare,
963 3931 986 3974 rt
996 3925 1023 3974 in
1033 3929 1117 3974 motu
1126 3940 1141 3974 rr
1151 3923 1253 3986 conoe,
1264 3923 1347 3971 bado·

742 4071 850 4121 NOTAE

277 4175 288 4210 ¹
302 4175 324 4226 A
336 4175 438 4241 consule]
455 4177 524 4228 Hinc
534 4183 605 4240 note,
616 4187 630 4224 e
641 4189 668 4224 re
681 4182 707 4226 et
720 4173 772 4225 offi·
815 4187 871 4227 tum
883 4177 1010 4227 actionem
1024 4187 1100 4240 agere
1113 4175 1233 4240 principi,
1244 4173 1347 4238 qualem

245 4253 287 4305 oio
307 4255 418 4306 consulis
433 4254 522 4319 lusisse,
534 4256 664 4306 solennem
678 4253 774 4319 gratia·
816 4253 905 4316 agitio
918 4254 965 4303 bac
977 4253 1092 4302 oratione
1104 4253 1214 4302 Plinius.
