3100 4854
225 341 291 406 104
728 354 818 402 ιιτι

223 507 330 564 turam
346 496 455 573 anuis,
471 495 589 561 consul
603 495 714 562 tactus
728 501 789 560 est·
826 492 959 559 Deinde
975 495 1110 559 Plinius
1125 493 1325 581 Panegyrici

224 619 300 683 cap.
319 615 381 662 ux.
397 599 550 664 meminit
564 599 774 676 consulatus,
789 617 889 681 quom
910 598 1077 682 Trajauus
1098 603 1176 662 anta
1202 617 1325 662 annum

223 705 429 766 recusasset:
452 699 618 764 recusavit
642 707 755 764 autem
779 718 868 764 anno
891 700 1023 782 imperii
1047 699 1211 763 secundo.
1257 699 1339 762 Iao-¹

222 802 335 886 quitur
355 802 455 866 etiam
481 801 523 865 de
547 805 668 883 quarto
682 801 823 883 Trajaui
849 803 1027 866 consulatu
1047 807 1206 883 tanquam
1226 799 1270 863 de
1290 821 1326 866 re

222 903 375 987 sequenti
391 921 478 966 anno
497 901 620 979 futura,
636 920 736 984 quem
758 902 826 985 ipsi
842 909 963 985 quarto
979 902 1112 984 imperii
1130 920 1219 964 auno
1233 901 1326 965 dela·

222 1014 293 1070 tum
320 1010 467 1068 constat.
511 1001 631 1066 Restat
655 1021 735 1084 ergo
758 1009 795 1067 ut
815 1005 914 1067 tertio
936 1003 1071 1086 Trajaui
1095 1020 1183 1067 anno
1205 1001 1324 1064 consul

222 1097 331 1170 factus
345 1104 432 1168 hanc
447 1103 631 1168 orationem
647 1105 811 1170 habuerit.
854 1104 997 1170 Accedit
1013 1102 1178 1185 Onuplrrii
1193 1121 1324 1166 mecum

223 1205 400 1270 sentientis
423 1205 621 1270 auotoritas·
665 1205 757 1284 Quid
778 1207 872 1290 quod
893 1204 1078 1269 verisimile
1093 1223 1160 1267 nou
1175 1203 1324 1267 est'l'ta'·

218 1307 349 1390 janum,
364 1306 520 1390 sequenti
540 1325 626 1370 anno
643 1309 864 1389 expeditione
880 1307 1010 1372 Dacica
1020 1313 1233 1389 occupatum,
1247 1305 1324 1369 lruia

197 1487 201 1494 ⁸
224 1406 368 1472 orationi
385 1406 507 1470 Romae
520 1407 683 1471 interesse
698 1408 877 1491 potuisset

262 1509 399 1573 Plinius
414 1523 490 1571 vero
510 1507 629 1571 habuit
648 1507 733 1572 hanc
756 1510 940 1572 orationem
964 1525 1029 1571 non
1051 1507 1170 1572 consul
1193 1513 1323 1572 tanturn

223 1609 475 1692 designatorum
496 1627 564 1692 quo
580 1611 683 1676 etiam
697 1615 806 1674 errant
817 1609 935 1692 aliqui,
954 1609 1018 1674 sed
1032 1609 1150 1691 primis
1166 1609 1324 1677 consula·

222 1717 276 1775 tus
300 1710 353 1774 sui
376 1709 507 1786 diebus»,
523 1718 569 1788 et,
585 1719 625 1775 ut
646 1712 721 1794 ipse
743 1710 803 1788 ait,
825 1711 859 1774 in
877 1710 1075 1776 consulatu:
1099 1697 1324 1775 ‘Actarusin

222 1813 399 1877 consulatu
430 1811 557 1895 optimo
580 1811 732 1895 Principi
758 1811 987 1894 gratias,’&c.
1009 1812 1136 1896 Epir.
1161 1811 1194 1875 1.
1238 1812 1324 1878 Eam

164 1975 168 1980 .
222 1921 336 1980 autem
352 1913 533 1978 orationem
549 1932 614 1977 nou
629 1916 765 1978 brevem
786 1915 880 1978 illam
897 1915 1046 1996 quidem,
1061 1913 1232 1997 quomodo
1256 1913 1323 1977 ‘ad

220 2013 382 2080 rationem
392 2013 461 2076 loci
475 2021 509 2078 et
523 2016 684 2097 temporis
696 2015 889 2096 imperatori
901 2014 1014 2080 dicere
1027 2034 1166 2080 necessa
1177 2015 1294 2082 habuit
1303 2014 1324 2095 ι’

222 2114 294 2189 sed,
310 2121 348 2178 ut
366 2115 457 2178 bono
473 2115 542 2178 civi
563 2117 916 2180 convenientissimum
932 2116 1121 2195 videbatur,
1139 2117 1323 2199 spatiosius

222 2226 340 2300 postea
354 2220 389 2278 et
403 2216 551 2294 uberius,
567 2217 703 2300 scriptis
715 2217 845 2300 qualem
861 2218 1025 2282 habemus
1040 2217 1323 2299 comprehensam,

223 2317 329 2382 tribus
357 2317 526 2380 continuis
549 2317 668 2382 diebus
693 2337 816 2401 magno
837 2319 1028 2384 auditorum
1052 2319 1221 2403 applausu
1241 2337 1263 2384 a
1286 2338 1323 2383 se

222 2419 397 2484 recitatam
412 2415 506 2496 dicit,
523 2416 588 2504 Ep.
604 2434 662 2482 ιιι.
679 2417 734 2484 18.

274 2647 340 2714 An.
357 2647 401 2714 U.
418 2647 458 2714 G.
472 2662 627 2712 noceor.
665 2646 824 2712 Chaon.
860 2646 1000 2731 TraJani
1017 2663 1051 2710 v.
1088 2647 1279 2712 AEtatx‘u.
1313 2687 1316 2693 ·

265 2805 352 2878 Lata
372 2815 430 2878 lex
453 2821 527 2878 erat
549 2835 570 2878 a
592 2815 686 2878 Julio
709 2814 857 2890 Caesare,
878 2814 987 2898 iuquit
1003 2815 1072 2880 Dio
1093 2813 1154 2878 lib.
1176 2828 1260 2876 u111.
1285 2813 1321 2892 in

222 2913 307 2978 actis
323 2914 401 2976 anni
415 2913 491 2978 726.
506 2913 638 3004 nequis
648 2913 792 2996 majores
807 2914 1024 2996 magistratus
1038 2916 1221 2996 continuos
1231 2914 1323 2978 acci-

222 3018 327 3098 peret.
372 3013 478 3098 Igitur
498 3013 629 3078 Plinius
645 3013 748 3079 altero
769 3020 850 3097 post
872 3016 1088 3080 consulatum
1104 3036 1192 3080 auno
1213 3015 1248 3094 iu
1264 3014 1321 3079 Bi

223 3115 382 3202 thyniam,
397 3136 418 3182 a
433 3117 545 3201 Bassa
556 3116 756 3204 proconsule
765 3117 938 3202 direptam,
950 3118 1134 3201 proconsul
1143 3113 1321 3201 a'lrajanq

168 3276 172 3284 .
221 3219 372 3284 mittitur.
418 3217 497 3298 Quo
512 3226 589 3302 post
603 3219 738 3301 longum
760 3218 824 3284 iter
843 3218 976 3284 tandem
1002 3219 1140 3283 advenit
1156 3234 1221 3282 xv·
1238 3217 1321 3292 Kal

224 3318 346 3384 Octob.
362 3318 428 3402 Ep.
446 3335 486 3384 x.
501 3319 554 3385 28.
594 3320 647 3383 Da
662 3338 730 3401 qna
744 3337 840 3383 mora
855 3318 921 3382 sibi
944 3324 1069 3401 ‘negat
1084 3338 1160 3382 esse
1175 3337 1323 3404 elonquef

223 3418 369 3496 rendum,
393 3438 469 3486 oum
493 3421 559 3504 ipsi
579 3419 763 3504 contigerit,
786 3419 878 3505 quod
902 3427 974 3485 erat
1000 3420 1328 3512 auspicatissimum„

222 3520 438 3606 imperatoris
450 3518 620 3612 natalem(
634 3520 712 3604 ipso
727 3519 896 3587 adventus
912 3520 966 3584 sui
978 3520 1043 3598 dia,
1055 3520 1123 3584 ‘ibi
1134 3518 1323 3594 celebrare‚’

223 3623 288 3712 Ep·
304 3639 344 3690 x.
358 3621 412 3690 97.
458 3621 549 3688 Hinc
563 3623 761 3708 praeclaram
777 3622 882 3700 illam,
898 3630 934 3688 et
950 3621 1150 3688 Christianae
1166 3620 1322 3704 religioni

223 3728 311 3796 adeo
326 3725 507 3810 gloriosam
522 3725 700 3810 epistolam
715 3724 758 3792 ad
774 3723 956 3809 Traianum
968 3724 1119 3806 scripsit,
1130 3725 1163 3786 in
1179 3741 1250 3803 qua
1260 3721 1324 3802 ho·=

223 3850 279 3895 mo
298 3827 433 3914 gentilis
453 3826 667 3892 honorificum
683 3826 725 3892 da
740 3825 1006 3892 Christianorum
1027 3825 1216 3904 integritate
1230 3824 1322 3911 testi·

224 3931 369 3997 monium
387 3925 507 4006 reddit,
523 3926 587 4011 Ep.
608 3944 649 3994 x.
666 3927 721 3994 97.
741 3945 807 4011 qua
820 3924 967 4010 epistola
981 3923 1139 3988 indoctus
1154 3922 1322 4016 Traiaauq

225 4031 304 4098 data
318 4031 477 4098 adversus
493 4029 702 4100 Christianos
716 4029 872 4096 mandata
887 4035 1070 4109 utcumque
1085 4023 1263 4110 mitigavit.
