3050 4842
239 369 305 435 tuo
555 381 777 436 eouwuuzu
804 383 1006 434 excursus

242 526 346 578 dimidiu
368 531 443 589 perte
463 537 523 574 uror
543 524 594 588 rit3
612 531 667 574 tum
687 525 765 575 etiem
783 523 950 589 uerluoetonr
966 527 1120 590 mugirtrotu
1137 527 1328 592 ‘jurjorxodum

241 605 410 672 potriomoru
428 603 600 669 prutilium?
632 604 685 654 Sed
700 605 741 654 blo
751 604 834 668 dione,
854 607 1001 669 exemplum
1013 607 1083 656 irtud
1095 606 1207 670 Augusti
1223 606 1333 658 forltrre

240 695 304 736 tune
320 699 371 734 ooo
382 683 540 733 eoocorrleee
551 685 682 732 metnoriru
694 683 781 740 Plinii,
798 683 876 747 idque
887 697 920 732 ex
936 684 1030 736 diurrto
1046 693 1125 749 utque
1136 686 1267 735 contrario
1284 701 1333 734 uro

242 767 348 815 oliorum
360 765 492 814 ceterum
512 775 618 826 prorem
634 762 661 810 iu
677 761 833 812 obliuionem
850 762 980 812 bominum
991 765 1110 824 uenitee;
1127 776 1186 812 cum
1203 765 1261 826 iure
1280 764 1333 813 Pli-

241 846 300 894 nlur
322 843 427 906 dixerit,
448 842 592 905 Trxjonum
614 841 790 904 ‘edicendum
813 856 842 890 ee
864 841 1008 905 prebuiete
1026 842 1053 891 in
1075 843 1154 893 verbo
1174 843 1333 908 principibus

242 926 340 986 ignoto,
359 922 410 972 niti
427 935 485 971 euro
504 921 594 984 lurore
613 920 749 983 rodgerint
766 920 849 970 xliou’
880 921 924 970 Sic
945 929 1017 970 uerte
1033 923 1122 983 etlem,
1139 921 1221 972 tribue
1233 923 1333 972 eeroolie

243 1012 313 1068 poet.
329 1004 385 1066 ipre
396 997 546 1051 'Atbulrlcue
564 1014 610 1049 rex
621 999 766 1050 Gothorum
782 999 850 1060 xpud
862 999 1053 1064 comiodomm,
1065 1000 1151 1064 Epirt.
1164 1013 1227 1049 vttt.
1238 1005 1263 1049 8.
1273 1015 1332 1052 cnm

243 1091 361 1133 renatum
373 1081 443 1130 urbie
461 1080 552 1129 Rome
562 1078 700 1128 certiorem
717 1077 826 1141 luceret,
836 1092 865 1127 ro
881 1077 1024 1128 Gothorum
1035 1079 1259 1143 Romanorumque
1273 1094 1336 1129 cou-

244 1177 322 1214 textu
340 1175 446 1226 regnum
465 1161 491 1209 in
507 1175 536 1210 ee
553 1159 710 1222 uoreepitue,
721 1164 801 1222 etque
819 1157 1003 1208 inuiolabiliter
1021 1171 1125 1209 rerrue
1143 1171 1251 1222 cupere,
1268 1173 1336 1224 que,

242 1255 315 1294 more
326 1241 443 1305 antiquo,
454 1239 624 1304 joriejorxndi
642 1239 798 1288 e'uetoritxte
814 1238 971 1302 promiserit,
986 1238 1083 1288 nullum
1103 1239 1252 1288 nominatim
1264 1239 1334 1288 uliud

244 1322 342 1377 ettulit‚
353 1321 402 1369 uiri
412 1318 518 1383 'l'rxjxrri
527 1319 682 1383 exemplum.
701 1317 806 1379 ‘Ecum'
813 1317 926 1382 inquit‚‘
939 1317 972 1367 od
983 1318 1174 1368 condictionem
1186 1319 1335 1369 clementie-

243 1400 496 1452 eltuxmrocrerneuti
506 1399 654 1448 ioolioeodo
665 1407 784 1449 nortuum
793 1399 1119 1462 erexlmuemrinclputnxr.
1137 1399 1217 1455 Eece,
1227 1398 1335 1461 'l'rqjxrri

244 1481 327 1532 tertul
338 1481 435 1530 olerum
447 1479 547 1528 raeeulir
557 1493 707 1542 reuxrxmnr
715 1480 870 1543 exemplum.
902 1479 980 1531 duret
991 1479 1073 1541 robir,
1083 1491 1131 1543 per
1141 1491 1216 1542 quem
1221 1478 1317 1541 juretis
1328 1495 1335 1536 3

243 1557 751 1624 necpoteriobilloqoixqueml'xllimuo
760 1559 947 1620 iovoeuto,uon
959 1556 1262 1622 tloetimpooemeuurt!
1278 1557 1336 1606 Etti

244 1641 311 1690 xdeo
323 1647 421 1704 potem,
430 1639 466 1688 eie
477 1639 545 1688 lruno
557 1639 703 1700 scrupulum
718 1653 770 1688 nou
781 1637 921 1688 difficulter
932 1638 1013 1688 lernrl
1023 1638 1154 1702 eximique
1164 1650 1258 1699 poete3
1274 1637 1338 1685 reoi-

245 1719 292 1768 det
304 1727 392 1769 temen
403 1719 478 1774 oliuu,
490 1717 559 1782 quod
576 1733 670 1782 nempe
685 1724 813 1781 pretereo
828 1717 998 1780 trigamorum
1015 1715 1144 1780 qttoddtm
1160 1714 1282 1764 coemittit
1294 1729 1337 1763 ru·

245 1805 344 1862 pereet,
354 1798 422 1863 quod
435 1798 536 1847 Plinius
547 1813 580 1847 ex
597 1797 695 1861 duplici
706 1797 812 1846 notione
822 1795 895 1846 verbi
904 1796 913 1824 ⁸
922 1795 1029 1860 preire'
1045 1804 1150 1859 rupture
1166 1795 1277 1855 ridetur,
1287 1795 1338 1842 nixi

245 1877 272 1926 id
285 1876 384 1926 tribuet
394 1876 513 1926 Pliniono
524 1875 683 1940 argutiarum
701 1875 798 1926 etudio·
829 1876 939 1926 Interim
951 1875 977 1924 in
988 1876 1036 1924 bec
1053 1874 1339 1939 lipriuntiuterpretrt·

246 1955 317 2006 tione
328 1957 476 2022 nequiereo,
490 1956 550 2006 dom
563 1956 613 2006 elit
624 1955 725 2020 melior,
736 1971 788 2020 quo
798 1957 897 2021 expiet,
906 1953 1065 2021 proferetur.

654 2248 838 2300 Excuttstts
862 2249 925 2300 1.11.

279 2445 347 2495 Cur.
359 2455 425 2492 xxx·
437 2446 459 2492 l.
477 2441 614 2500 Profuerot
631 2442 760 2506 prroiror'oe
774 2451 884 2506 motor,
898 2457 959 2492 uoue
975 2457 1007 2493 err
1024 2441 1167 2506 medidatio,
1187 2443 1213 2492 io
1226 2457 1293 2506 quero
1311 2455 1340 2493 ert

248 2525 334 2573 ciritae
352 2522 496 2586 omplimiotu
515 2521 608 2571 reditur
629 2521 726 2583 egregie
746 2522 913 2572 constitutione
924 2522 1081 2582 foedarer-ut.
1120 2523 1204 2572 Locus
1222 2523 1265 2572 irio
1285 2523 1340 2571 sine

248 2603 328 2653 dubio
338 2611 378 2652 ert
389 2609 544 2665 corruptor:
563 2601 620 2665 quie
632 2615 742 2666 uuqurm
754 2600 832 2666 dixit,
842 2609 849 2631 ⁴
858 2602 885 2650 io
896 2603 1008 2666 eliquem
1021 2602 1118 2652 reditur
1128 2601 1237 2652 fundere
1247 2601 1265 2650 ?’
1286 2601 1341 2665 Αρ-

247 2683 405 2748 prebendam
426 2681 506 2744 igitur
523 2680 584 2730 duxi
600 2679 704 2729 felicem
723 2681 804 2744 Llpuil
823 2681 1040 2746 emendationem,
1051 2696 1109 2746 quoe
1121 2696 1154 2730 ex
1165 2679 1228 2745 lpeir
1243 2681 1343 2730 mendis

249 2763 359 2814 eruitur.
393 2761 488 2824 Neque
508 2761 575 2809 eninr
598 2761 679 2810 ullum
703 2775 796 2811 norum
820 2761 973 2834 voeabulun'r
994 2762 1104 2810 orationi
1124 2760 1272 2824 infercitur,
1294 2762 1340 2810 red

248 2850 370 2905 corrupte
389 2839 567 2892 tautummodo
589 2840 718 2890 levissima
734 2842 876 2890 mutetione
893 2843 919 2891 lo
938 2841 1055 2891 ordinem
1069 2841 1230 2904 rediguntur.
1264 2841 1342 2898 Num,

249 2935 297 2985 pro
307 2921 335 2968 in
347 2933 422 2982 quero,
432 2918 633 2982 xujeereftttero
643 2935 676 2982 m,
691 2920 797 2970 rescribi
809 2921 888 2984 jubet
902 2921 973 2984 loque
979 2937 990 2979 ,·
1007 2935 1040 2970 ex
1050 2919 1154 2970 curibue
1171 2920 1345 2982 nominativis,

248 3001 335 3050 civitot
348 3000 505 3063 omplimimu,
524 3013 586 3064 quor
601 3000 678 3050 ruder
693 3001 795 3050 librxrli
812 3001 948 3051 oooueioue
958 3001 1117 3065 pronominie
1133 3017 1169 3063 eo,
1179 2999 1345 3059 effinxerunt,

248 3080 367 3130 rertituit
377 3093 451 3129 eorm
461 3079 599 3148 genitivos,
614 3081 722 3128 deitato
739 3081 907 3144 rmplieeioroer
923 3080 992 3130 unde
1004 3081 1109 3130 teudem
1120 3080 1198 3144 plone
1215 3081 1271 3130 lraec
1286 3092 1344 3130 reu·

250 3159 335 3208 tentio
354 3158 505 3208 restituitur
522 3158 627 3207 Pliulo:
653 3157 792 3218 Profuerut
805 3158 932 3222 provincie
951 3163 1062 3222 querelor,
1080 3173 1141 3208 uuor
1158 3173 1189 3207 eu
1202 3159 1344 3218 condiderit,

248 3241 319 3301 tuque
329 3237 433 3302 eo(uoil.
445 3235 592 3300 provincie)
603 3235 709 3286 ciuitatie
717 3238 866 3300 ampliatione
875 3237 967 3287 reditur
976 3237 1074 3299 egregio
1082 3239 1248 3289 emetitutt'orre
1254 3239 1345 3299 srmdu·

249 3323 325 3368 ocrut.
358 3317 486 3380 Equidem
502 3317 594 3366 Cicero
605 3330 656 3365 non
668 3317 781 3366 libenter
792 3319 911 3381 copulem
923 3325 931 3348 ’
942 3317 1005 3382 quc’
1022 3317 1141 3381 adjungit
1154 3320 1344 3384 proeuoeitioui,

249 3398 315 3460 ‘in,’
340 3395 391 3452 ‘m’
408 3396 468 3457 eb3’
485 3396 530 3445 red
547 3411 603 3446 eom
620 3397 708 3460 potior
725 3397 819 3461 rejecit
835 3398 867 3446 xd
885 3411 975 3448 vocem
1002 3407 1173 3460 sequentem:
1191 3415 1216 3448 r.
1232 3415 1258 3462 g.
1275 3401 1345 3464 Nou,

250 3483 297 3526 unt
313 3476 452 3538 rurirrime,
468 3475 577 3537 dixerit,
594 3477 690 3541 ‘inque
707 3491 739 3525 eo
750 3477 767 3539 ;’
785 3478 829 3527 red
844 3476 920 3528 Offic.
934 3491 954 3527 r.
965 3482 990 3528 2.
1007 3477 1051 3526 ‘lu
1068 3492 1151 3542 eoque
1168 3479 1278 3528 colendo
1294 3480 1344 3530 ritu

251 3560 293 3604 ert
305 3555 366 3603 vitre
381 3554 502 3602 bonertet
519 3554 619 3602 omnir?
650 3555 693 3604 Sic
704 3555 782 3604 etium
794 3563 881 3618 putee,
892 3558 918 3606 in
935 3557 984 3606 lrec
998 3564 1087 3608 nottte
1102 3558 1284 3608 emendetioue
1294 3573 1345 3609 noo

242 3635 305 3685 ‚dici
322 3634 419 3684 debere
434 3634 505 3697 ioque
522 3647 559 3694 eu,
575 3633 622 3682 red
638 3633 665 3682 io
681 3648 761 3697 eoque,
776 3634 833 3684 roll.
850 3635 988 3698 provincie.
1021 3636 1117 3686 Verum
1139 3637 1172 3687 xb
1189 3638 1237 3687 boo
1254 3652 1345 3689 rooum

150 3709 153 3716 '
252 3715 392 3766 eolletione
414 3729 466 3764 non
486 3716 597 3764 alienum
623 3715 674 3765 t'uit
695 3729 778 3765 erum
799 3716 956 3765 l’liuiennm.
989 3715 1032 3766 Sic
1050 3729 1112 3780 mg.
1129 3717 1233 3766 'l'xcltuu
1252 3717 1347 3769 Annei.

252 3809 299 3845 xv.
311 3800 333 3845 d.
352 3796 457 3859 ‘Inque
475 3809 532 3845 eum
545 3796 660 3859 predum
678 3798 756 3846 etium
773 3796 819 3846 Dii
831 3811 934 3846 uerrere
946 3795 964 3857 ς’
979 3796 1023 3846 ubi
1035 3797 1128 3864 Cicero
1146 3796 1268 3846 libentior
1288 3798 1344 3847 dix·

252 3875 327 3936 iuret,
338 3881 345 3903 ⁸
357 3873 384 3923 in
395 3888 503 3939 eumque
516 3873 649 3938 praedem
659 3879 708 3925 dre.
743 3875 830 3928 Quid?
847 3875 915 3940 quod
933 3875 959 3925 io
970 3876 1020 3925 boo
1029 3875 1111 3926 Plinii
1126 3877 1183 3926 loeo
1201 3877 1264 3926 rotie
1277 3891 1345 3927 coru·

251 3955 327 4005 mode
339 3955 417 4003 etium
429 3956 479 4018 legi
500 3956 592 4017 poerit,
608 3956 695 4019 ioque
710 3955 780 4021 (ocii.
797 3956 943 4021 provincie)
958 3957 1064 4006 oirilutr'r
1080 3956 1232 4020 amplitet'moe
1245 3957 1345 4006 reditur.

253 4034 342 4083 Nihilo
360 4035 441 4083 minue
459 4034 498 4083 vir
513 4033 617 4084 doctior.
630 4035 788 4085 Arutnetriue
803 4036 935 4098 vulgarem
955 4035 1093 4085 lectionem
1109 4035 1160 4085 ivit
1177 4035 1344 4086 vindicatum.

254 4111 338 4175 llujox
350 4127 412 4177 ergo
423 4111 623 4171 uonote'tionem,
633 4129 691 4178 quae
703 4115 778 4164 eimul
789 4116 875 4166 Irreci
885 4116 971 4166 Voeeii
987 4115 1140 4165 sententiam
1153 4116 1345 4178 complectitur,

253 4193 304 4241 buc
316 4191 425 4245 referem
437 4194 572 4259 integrum,
585 4195 743 4260 aliorumque
754 4194 853 4258 judicio
869 4195 1021 4260 relinquem-
1053 4193 1144 4246 'Quod
1161 4193 1235 4258 rolo,'
1251 4194 1344 4259 inquit,
