3100 4854
262 397 327 466 18⁰
764 411 858 461 vrrs

262 553 409 638 gladirnn
433 553 623 643 porrigens:
658 554 750 620 ‘Pro
775 553 853 634 rue,’
875 547 994 639 inquit,
1018 556 1070 619 ‘si
1091 556 1177 620 bene
1196 558 1299 640 atque
1316 575 1361 621 ex

262 657 393 722 mone
411 657 631 740 imperavere,
646 655 845 738 distringas,
867 657 921 721 sin
940 657 1062 734 minus,
1078 676 1121 722 eo
1136 657 1179 722 ad
1192 657 1360 724 interitum

262 779 375 824 meum
396 759 510 824 utere?
554 759 623 824 Dio
646 766 681 824 et
704 758 838 824 Victor.
884 759 995 824 Nemo
1024 760 1204 841 imperator
1229 759 1360 826 bellicas

262 861 375 925 leudis
389 859 520 926 avidior
533 860 610 936 fnit,
623 878 718 922 nemo
730 859 881 923 Romani
889 859 1021 941 imperii
1033 859 1117 923 lines
1126 867 1195 924 tam
1206 860 1275 924 late
1285 881 1361 944 pro-

262 961 409 1044 pagavit.
438 959 520 1044 Ipse
533 959 619 1024 enim
634 958 721 1024 ultra
735 959 863 1042 Tigrim
879 966 915 1024 et
929 958 1136 1044 Euphratem
1151 974 1361 1042 progressus.

263 1061 378 1128 Nemo
399 1061 512 1126 aerarii
531 1067 650 1125 custos
670 1062 779 1143 magis
794 1061 934 1125 sedulus
949 1061 1023 1140 init,
1036 1079 1136 1126 nemo
1150 1060 1194 1127 ad
1208 1063 1361 1146 locuple-

262 1164 405 1230 tandum
419 1163 538 1227 liscum
549 1162 657 1226 minus
667 1168 823 1240 attentus,
834 1183 901 1227 non
911 1163 1022 1228 minus
1032 1164 1075 1227 ab
1084 1163 1192 1228 ahena
1201 1167 1360 1246 pecunie,

261 1285 364 1352 quam
382 1284 404 1329 a
419 1264 572 1330 oredibus
592 1263 784 1344 abstineus;
806 1265 842 1327 in
863 1264 1029 1340 aediliciis,
1043 1265 1076 1328 iu
1091 1266 1308 1348 spectaculis,
1324 1268 1359 1330 in

261 1366 508 1450 largitionibus,
538 1365 574 1428 iu
604 1364 769 1430 conviviis
792 1366 938 1448 publicis
956 1365 1166 1450 magnificus,
1192 1385 1296 1449 perce
1325 1377 1359 1433 et

261 1473 411 1533 conteme
441 1466 559 1531 virens
589 1464 693 1530 domi.
737 1465 908 1532 Constans
932 1468 1073 1544 amicus,
1093 1487 1156 1533 nec
1181 1469 1358 1551 suspicax.

262 1569 318 1634 Ita
330 1568 538 1633 nobilitatem
551 1566 680 1644 fovens,
693 1573 731 1631 ut
743 1568 874 1650 plebem
889 1587 956 1632 nou
971 1575 1153 1652 sperneret.
1183 1567 1266 1633 Pius
1281 1587 1360 1652 erga

262 1669 372 1746 Deos,
387 1688 466 1750 erga
481 1673 650 1750 parentem
664 1667 854 1746 modestus,
868 1678 905 1734 nt
926 1675 1073 1734 statuam
1088 1687 1158 1733 uon
1179 1671 1243 1734 nisi
1257 1689 1357 1736 unam

262 1770 456 1848 alteramve,
471 1787 614 1852 eamqne
632 1786 764 1847 aeream,
782 1789 893 1853 neque
907 1771 943 1835 in
955 1767 979 1835 J
981 1771 1055 1835 ovis
1070 1770 1257 1854 Capitolini
1277 1777 1358 1835 tem·

261 1871 333 1956 plo,
345 1870 626 1956 quemadmodum
642 1871 744 1935 ceteri
759 1871 987 1954 imperatores,
1007 1872 1067 1936 sed
1088 1871 1123 1935 iu
1139 1873 1272 1956 porticu
1285 1881 1358 1936 tan·

261 1981 334 2038 tum
360 1973 430 2038 sibi
459 1973 539 2053 erigi
564 1971 718 2036 uoluerit·
775 1970 912 2050 Quibus
935 1972 1068 2037 bellicis
1098 1973 1359 2057 domesticisque

261 2074 451 2149 virtutibus,
466 2091 568 2157 qnam
589 2073 787 2138 metuendus
800 2074 966 2151 hostibus,
981 2082 1051 2140 tam
1067 2074 1200 2140 civibus
1214 2076 1286 2166 suis
1301 2093 1357 2139 ca-

259 2193 316 2240 rus
329 2179 408 2239 erat.
437 2174 471 2237 A
486 2173 611 2247 Dione,
625 2173 819 2239 tonusseex
835 2175 916 2240 odio
927 2177 961 2240 iu
971 2175 1163 2241 Romanum
1177 2176 1357 2259 imperato-

260 2295 331 2342 rem
341 2274 476 2340 Graecis
485 2275 596 2352 insito,
607 2274 779 2339 ebrietatis
790 2281 822 2341 et
832 2283 1050 2360 praeposterae
1059 2277 1205 2344 libidinis
1215 2272 1358 2342 notatus

259 2375 372 2446 Juxta
394 2376 540 2442 Dionem
560 2380 596 2440 et
607 2374 782 2442 Victorem
802 2382 935 2462 ‘parces
959 2379 1096 2463 quidem
1111 2381 1274 2464 scientiae,
1288 2397 1357 2444 mo-

259 2479 443 2562 derateque
459 2476 641 2561 eloquens!
662 2476 686 2543 J
689 2483 772 2544 uxta
782 2478 947 2548 Vossium
962 2501 1006 2546 ex
1022 2481 1190 2546 Prisciani
1203 2483 1283 2547 loco
1297 2483 1357 2548 lib.

262 2597 315 2648 vr.
339 2581 481 2646 Dacieae
507 2577 657 2646 historiae
684 2580 827 2664 scriptor
855 2582 928 2652 soit.
982 2582 1093 2648 Juxta
1121 2601 1237 2647 ornnes
1267 2590 1357 2649 certe

261 2682 464 2748 eruditorum
480 2688 655 2763 patrunus.
700 2681 821 2748 Silium
843 2682 999 2750 Italicum
1014 2681 1153 2767 pobtam
1168 2691 1216 2750 ter
1235 2705 1358 2750 cousu-

258 2785 433 2861 lemiecit,
453 2783 566 2850 Plinio
591 2791 627 2848 et
649 2783 831 2850 Plutarcho
853 2787 1064 2851 consulatum
1090 2787 1199 2852 dedit:
1237 2791 1357 2873 praeci-

259 2887 359 2968 piens
374 2884 589 2967 Illyriciano
605 2886 699 2966 qnid,
714 2887 839 2949 nisiex
854 2885 952 2969 hujus
966 2888 1112 2954 consilio
1124 2892 1279 2971 gererent.
1301 2890 1357 2956 lta

259 2985 394 3050 Suidas.
438 2984 494 3048 Illi
507 3001 587 3049 vero
603 2984 772 3068 Bithyniae
788 2993 953 3068 praeterea
964 2991 1244 3070 proconsulatum,
1253 3009 1358 3075 augn-
1379 2991 1386 3000 '

258 3089 378 3166 ramm,
402 3085 555 3168 aliosque
582 3086 725 3150 honores
748 3090 930 3154 concessit.
973 3087 1058 3173 Ejus
1072 3093 1357 3160 commendatione

260 3190 422 3255 Suetonio
446 3187 504 3270 jus
529 3188 626 3253 trium
649 3188 830 3255 liberorum
855 3191 1001 3256 indulsit.
1036 3193 1123 3257 Plio.
1150 3193 1214 3276 Ep.
1242 3207 1283 3258 x.
1302 3195 1357 3260 96.

259 3289 407 3355 Dionem
430 3288 619 3362 Prusaeum,
646 3288 811 3372 insignem
836 3293 1020 3374 sophistam
1047 3301 1084 3358 et
1106 3293 1354 3378 philosophum,

260 3391 315 3454 oui
330 3409 394 3453 sna
409 3390 605 3472 eloquentia
618 3388 850 3472 chrysostomi
861 3411 981 3458 nomen
995 3394 1085 3467 iecit,
1098 3395 1147 3464 ita
1155 3397 1355 3478 complexus

258 3497 322 3566 est,
338 3495 374 3555 ut
389 3491 424 3554 in
437 3508 573 3555 currum
594 3491 825 3574 triumphalem
841 3501 991 3559 assumto
1005 3496 1067 3560 bas
1083 3515 1185 3562 voces
1201 3499 1354 3562 iteraret:

260 3597 342 3656 Φιλῶ
357 3617 391 3654 σε
405 3594 442 3664 ὥς
454 3591 587 3673 ἐμαυτὸν,
602 3598 640 3656 ut
654 3594 772 3658 scribit
786 3594 1023 3663 Philostratus.
1064 3597 1167 3664 Celso
1178 3597 1202 3662 J
1205 3600 1354 3662 uriscon·

259 3695 349 3759 salto
362 3698 511 3770 ,statuam
523 3694 603 3775 erigi
612 3693 728 3777 jussit.
759 3694 810 3759 Ut
825 3695 867 3760 de
880 3697 940 3762 illo
952 3717 1018 3763 non
1033 3698 1196 3764 immerito
1205 3699 1229 3764 J
1230 3717 1353 3766 nvene-

257 3797 325 3863 alis
340 3797 413 3861 Sat.
429 3810 495 3862 vrr.
527 3795 591 3862 ‘Et
608 3816 699 3879 spes,
719 3799 854 3864 stratio
869 3800 1059 3866 studiorum
1074 3801 1110 3864 in
1131 3799 1266 3868 Caesare
1283 3811 1353 3866 tan·

257 3905 345 3979 tum;
360 3898 562 3964 Solnseuim
572 3898 683 3962 tristes
692 3898 756 3962 hac
769 3905 969 3982 tempestate
978 3919 1150 3967 camoenas
1161 3901 1354 3987 Respexit3'
1402 3982 1406 3988 ῃ

257 4008 292 4064 et
315 4001 416 4065 Corn.
429 3999 583 4076 Tacitus,
603 4000 638 4062 in
653 3999 827 4066 Prooemio
843 4001 934 4068 Vitse
953 4002 977 4067 J
980 4003 1025 4067 ul.
1044 3999 1225 4085 Agricolae,
1249 4003 1353 4068 ‘Tra-

252 4101 327 4182 jeni
341 4101 504 4166 saeculum
520 4101 751 4170 beatissimum
761 4101 769 4129 '
780 4102 930 4184 dixerit3
952 4110 986 4169 et
1001 4103 1099 4189 ‘ejus
1111 4107 1350 4190 principatum,

221 4291 225 4300 ι
257 4200 443 4279 uberiorem
463 4210 499 4267 et
523 4202 722 4278 securiorem
749 4203 932 4281 materiam,
960 4207 1124 4272 senectuti
1149 4204 1354 4292 sepositam:
