3112 4852
558 419 843 470 senseramus.
882 424 907 469 r.
928 408 983 474 30.
1245 415 1310 479 211

213 559 313 637 quasi
336 578 504 642 nunquam
526 581 671 640 cessura,
687 573 839 629 certaret.
883 566 917 629 ’2.
940 565 1028 631 Haec
1052 568 1192 652 inopina
1208 575 1305 642 sicci-

213 663 282 720 tate
300 660 462 740 usquead
479 659 634 744 injuriam
650 663 856 728 sterilitatiss
867 667 1016 746 exaruit;
1039 670 1121 750 quia
1136 672 1231 753 piger
1244 676 1306 742 Ni-

213 758 267 820 l'us
279 765 468 822 cunctanter
489 760 588 824 alveo
604 782 681 828 sese
697 784 738 829 ae
756 766 913 844 languide
928 768 1105 848 extulerat,
1120 771 1309 855 ingentibus

215 858 352 940 quidem
382 861 461 924 tuuc
489 879 623 945 quoque
647 865 706 928 ille
726 865 938 945 ¹fluminibus,
965 868 1160 937 fluminibus
1190 884 1309 957 tamen,

244 1068 259 1111 s
274 1071 605 1139 Usqneadreprelreusiouern
613 1081 758 1130 sterilitatis.

674 1238 855 1260 annonae

214 1359 331 1409 necdum
342 1376 390 1424 ego
401 1361 427 1410 id
440 1363 548 1426 rejicere
558 1361 660 1411 audeo!
671 1362 840 1412 nouom-2
851 1361 1094 1425 ‘Inopiaodceitutd
1107 1364 1140 1413 Iu
1151 1366 1209 1414 cod.
1220 1365 1313 1418 Venet.

214 1426 277 1473 item
295 1426 354 1474 edd.
373 1427 476 1475 Puteal.
494 1435 521 1476 et
544 1427 660 1474 Rbenam
681 1427 775 1488 legitur
791 1425 880 1488 inopie,
895 1427 1003 1475 siccitate
1010 1443 1020 1484 ,·
1048 1429 1093 1476 sed
1111 1430 1215 1479 insece
1233 1431 1313 1494 iuopia

213 1491 393 1538 tantummodo
412 1491 513 1554 signum
530 1493 668 1553 scripturae
690 1489 880 1551 compendiosa
902 1491 1101 1550 praetermissum
1124 1492 1182 1542 est!
1207 1494 1313 1542 Idem.—

213 1557 230 1600 2
248 1555 312 1603 Cud.
324 1555 417 1603 Patet.
428 1569 501 1618 esque
510 1555 624 1615 injurient
631 1570 641 1611 ,·
652 1553 728 1602 codd.
740 1555 811 1602 Vett.
819 1559 842 1603 1.
854 1558 879 1602 2.
891 1558 915 1601 3.
925 1558 949 1603 4.
963 1555 1056 1603 Salisb.
1065 1555 1178 1620 (inelpb.
1191 1558 1253 1606 edd.
1263 1559 1314 1606 Be·

214 1618 296 1667 roald.
316 1619 409 1667 Cetea.
422 1619 483 1668 Aru.
500 1618 575 1669 Jnnt.
592 1619 694 1681 Grypb.
714 1617 820 1666 Arcens.
839 1618 956 1667 Sicbnrd.
976 1620 1045 1668 Nar.
1066 1620 1149 1669 bisin.
1170 1621 1205 1670 ll.
1221 1623 1313 1685 Stepb.

214 1682 311 1730 cellar.
323 1682 423 1730 Heern.
434 1692 461 1731 et
474 1683 555 1734 Genu.
564 1697 636 1746 usque
646 1685 686 1732 nd⁴
694 1681 825 1742 ἑψήσω
846 1683 888 1730 elii
900 1682 978 1731 codd·
988 1697 1046 1732 cunr
1058 1685 1117 1732 edd.
1130 1686 1231 1736 Puteol.
1241 1691 1315 1738 ltro.

214 1747 310 1794 venet.
330 1751 403 1796 1498.
422 1747 537 1796 Rbeuan.
550 1751 676 1796 Arnteem
690 1745 791 1808 Gierig·
807 1746 945 1795 Scires-al.
958 1748 1065 1809 usque-lu
1077 1749 1199 1808 injurium.
1240 1751 1314 1814 Mox,

215 1811 272 1859 cod.
283 1811 378 1859 Peter.
388 1812 481 1873 quidem
498 1826 586 1874 qnoque
602 1817 658 1859 tuuc
675 1811 716 1858 ille
725 1809 874 1873 fluminibus.
903 1811 1065 1872 ‘Lirineins,
1085 1822 1143 1875 post
1161 1815 1315 1864 vocabulum

207 1875 360 1937 fluminibus,
377 1876 461 1923 adbuc
477 1875 528 1925 dno
545 1877 601 1923 brec
618 1875 750 1930 vocabule,
769 1883 890 1936 tanquam
911 1877 1083 1924 necessarium
1101 1877 1315 1935 additamentum,

214 1939 266 1986 tide
278 1939 385 1987 duorum
400 1939 555 2002 optimorum
567 1939 684 1988 codicum
697 1938 780 1999 addit,
784 1937 928 2000 fluminibus
939 1945 1018 1987 tumen
1026 1956 1035 1996 ,-
1054 1940 1122 1988 uude
1135 1941 1204 1989 locus
1216 1942 1266 1990 iste
1278 1944 1316 1994 sic

215 2003 375 2066 supplendus
387 2011 470 2053 esest:
482 2003 776 2066 ingentibusquoquetunc
785 2003 877 2063 quidem
885 2001 1228 2066 tllefluminibus‚stuminibus
1238 2011 1316 2055 tumen

182 2087 187 2096 ·
214 2067 376 2126 cunsereadns.
419 2067 457 2115 Ac
473 2069 510 2116 sic
528 2069 605 2130 plene
626 2066 848 2129 tegunt-Lipsiae,
864 2066 1058 2130 GruternssDe
1068 2069 1093 2116 ln
1103 2068 1203 2122 Baune‚
1215 2069 1315 2119 Friecb÷

214 2145 332 2192 mannus,
345 2130 472 2193 ankius,
483 2131 561 2180 Cere.
597 2131 771 2194 cuspinianus
780 2130 871 2179 eadem
880 2131 995 2192 exbibet,
1006 2132 1054 2180 nisi
1066 2132 1226 2194 quodetiam
1239 2148 1316 2183 vocu-

213 2195 253 2244 las
265 2197 388 2258 quasdem
405 2196 467 2242 setis
485 2205 546 2258 apte
558 2195 734 2257 transpositas
746 2195 855 2257 prodere
867 2194 1003 2255 ingentibus
1013 2197 1107 2258 quidem
1118 2201 1316 2260 terrequnqueills

208 2259 359 2322 minibus,
368 2258 512 2323 fluminibus
527 2265 616 2323 torres,
633 2258 802 2318 commendem·
822 2273 967 2322 quenquam
987 2261 1055 2322 epod
1071 2260 1256 2322 cuspinianum
1270 2276 1316 2325 pto

215 2329 280 2380 isus,
289 2325 382 2372 vitiose
394 2337 545 2385 expressunt
556 2325 590 2372 sit
605 2329 676 2372 tame.
709 2324 845 2372 Sententia
862 2337 912 2372 non
924 2323 1033 2372 obscura
1044 2331 1100 2374 est:
1118 2325 1204 2373 Nilum
1217 2327 1317 2380 scilieet

214 2389 243 2438 iu
256 2389 299 2436 ilia
310 2389 430 2437 siccitate
448 2388 612 2438 nibilominus
628 2389 710 2440 adbuc
728 2386 876 2450 ingentibus
892 2385 1047 2449 fluminibus,
1058 2387 1207 2438 tlurniuibns
1220 2396 1316 2455 temen,

236 2465 274 2500 uae
285 2454 364 2500 sireis
375 2452 427 2499 suis
439 2453 616 2513 continentur,
634 2452 701 2500 bend
713 2453 787 2512 meri,
806 2460 850 2500 ant
862 2459 952 2508 sterno
964 2453 1118 2512 exundanti,
1130 2451 1316 2506 conferendum

214 2467 304 2565 iotae.
337 2516 408 2565 Alias
419 2517 488 2564 euim
506 2517 592 2576 Nilus,
603 2516 647 2565 nbi
658 2517 761 2574 crescit,
783 2516 874 2562 ‘initio
890 2516 1031 2576 diducitur,
1047 2515 1141 2564 deinde
1158 2519 1316 2570 continuatis

214 2581 288 2643 sqnis'
301 2581 326 2628 in
338 2580 430 2629 faciem
444 2581 488 2628 lati
501 2594 532 2628 ac
544 2580 642 2628 turbidi
653 2581 730 2628 maris
742 2578 863 2640 stagnat?
874 2579 911 2627 uti
923 2580 1035 2642 loquitur
1043 2581 1149 2628 Seneca.
1185 2581 1250 2630 lieo
1260 2585 1317 2645 ipse

215 2645 306 2704 verba,
318 2646 363 2693 sed
376 2645 460 2692 adbuc
472 2645 610 2706 concisius,
627 2643 714 2705 prodit
726 2643 808 2692 codex
820 2649 926 2690 noster:
945 2642 1079 2702 ingentibus
1089 2645 1183 2707 quidem
1193 2649 1250 2694 tunc
1258 2660 1317 2708 quo.

215 2723 260 2772 que
268 2707 464 2771 ille,stnminibus
474 2713 563 2763 tumen,
580 2707 740 2766 conscendes.
774 2707 858 2757 Quem
873 2706 1011 2755 lectionem
1023 2707 1101 2756 etiam
1115 2711 1249 2758 annotavit
1261 2710 1317 2760 Gn·

213 2775 273 2823 dius
285 2775 309 2821 in
322 2776 406 2821 altero
417 2772 483 2822 libro
493 2787 500 2830 3
512 2781 538 2820 et
550 2771 744 2833 exprimendam
755 2771 855 2818 curarit
868 2770 985 2819 Paterni.
1020 2770 1068 2819 llla
1079 2772 1230 2834 cuspiniani
1237 2773 1318 2824 lectio

215 2837 320 2900 quidem
332 2839 432 2898 plenior
444 2844 470 2885 et
480 2836 596 2895 facilior3
610 2842 637 2883 et
648 2840 676 2883 et
686 2835 741 2883 baec
753 2832 849 2883 codicis
858 2835 938 2882 nostri
952 2834 1072 2884 Pliniano
1081 2837 1212 2886 scribendi
1225 2841 1315 2900 generi

214 2909 257 2950 eet
266 2898 415 2950 conformis.
449 2901 491 2950 Sic
503 2901 569 2948 enirn
582 2899 650 2948 idern
661 2900 800 2962 aliquoties
811 2899 902 2948 endem
914 2898 991 2948 ruodo
1008 2913 1055 2962 per
1073 2901 1225 2962 perticulam
1238 2908 1317 2952 tumeo

213 2967 339 3029 loquitur,
358 2974 388 3015 ut
404 2979 480 3014 sensu
492 2965 595 3026 quidem
608 2964 697 3013 eedem
709 2977 759 3012 vox
776 2963 814 3012 bis
830 2964 865 3012 sit
880 2965 1034 3026 repetenda,
1052 2965 1098 3014 sed
1116 2967 1195 3014 semei
1213 2974 1316 3020 tantum

213 3032 385 3091 exprimatur.
396 3043 423 3077 ν.
433 3044 457 3092 g.
469 3042 576 3078 cxxxv.
592 3033 616 3076 t.
633 3029 745 3077 ‘Potest
755 3027 866 3077 fortasse
878 3027 999 3092 princeps
1009 3029 1107 3091 inique,
1119 3036 1208 3091 potest
1219 3040 1316 3093 temen,

214 3094 275 3142 odio
298 3108 353 3142 esse
376 3108 427 3142 non
449 3093 544 3140 nuliis.'
583 3092 634 3140 Ubi
653 3091 806 3140 vocabulum
827 3092 922 3140 ‘odio'
939 3093 966 3140 in
986 3094 1156 3154 grammatica
1178 3095 1316 3146 verborum

212 3164 345 3210 structura
358 3158 431 3218 qussi
450 3156 579 3218 duplicem
595 3155 678 3203 lucum
698 3155 816 3217 requirit.
850 3156 894 3204 Sic
905 3164 932 3204 et
943 3157 1139 3204 convenientius
1151 3167 1239 3206 nostro
1252 3160 1316 3216 loco,

214 3234 262 3272 xc.
281 3227 305 3270 n.
322 3218 499 3283 ‘Habueraq’
521 3220 615 3282 inquit,
632 3226 711 3268 ‘tunc
730 3221 851 3266 bonorem
871 3219 993 3281 periculis
1013 3220 1108 3269 nostris
1126 3219 1200 3268 dirus
1220 3222 1317 3284 Nerva,

213 3297 242 3334 nt
255 3301 309 3347 nos,
319 3288 369 3334 etsi
385 3286 477 3345 minus,
489 3291 515 3332 ut
529 3284 607 3332 bonos
624 3291 718 3344 nmen,
737 3297 888 3346 promovere
906 3282 1003 3333 vellet!
1036 3283 1088 3333 Hic
1102 3285 1169 3332 eninr
1182 3300 1231 3333 vox
1248 3289 1256 3314 ⁸
1270 3287 1316 3336 bu·

213 3349 275 3400 nos’
292 3351 368 3399 etiarn
383 3351 414 3398 erl
427 3347 585 3397 antecedens·
600 3347 718 3410 incisum,
737 3347 803 3394 ‘etsi
814 3346 896 3395 minus
907 3346 1004 3405 bonos‚’
1022 3346 1156 3398 referende
1166 3356 1215 3398 est.
1249 3352 1316 3402 Cum

213 3416 294 3474 initur
306 3414 407 3476 plurimi
426 3413 524 3462 librarii
537 3419 564 3460 et
583 3411 696 3460 editores
716 3425 765 3460 nnn
784 3411 846 3460 setis
863 3424 987 3474 caperent
1006 3413 1073 3462 bunc
1090 3428 1162 3462 usum
1180 3414 1315 3475 partiente

213 3485 302 3536 tumen,
311 3478 413 3540 vimque
425 3478 503 3540 hujus
512 3474 634 3538 ἐλλείψεις
645 3475 712 3524 baud
726 3476 908 3536 attenderent;
920 3475 979 3526 binc
990 3479 1085 3533 evenit,
1091 3488 1122 3528 ut
1133 3493 1188 3526 eam
1202 3481 1315 3541 particu-

213 3544 265 3592 lam
278 3544 321 3591 eiii
334 3543 411 3605 plane
424 3543 569 3601 omiserint3
587 3541 630 3588 alii
642 3549 733 3589 contra
744 3540 821 3589 simul
831 3540 1081 3605 nonteufluminibns‚
1093 3551 1190 3605 preter
1202 3547 1316 3598 necersi-

214 3611 306 3667 tetem,
326 3604 497 3669 repetierint!
515 3605 637 3654 Scirona.
671 3604 775 3669 ‘Atque
787 3606 824 3652 ita
836 3605 919 3654 edidit
929 3607 961 3653 cl.
978 3607 1120 3669 Gesnerus,
1133 3608 1176 3670 qui
1189 3617 1317 3670 preterea

214 3669 308 3734 'quidem
328 3671 465 3733 expunxit,
486 3671 561 3730 cnjus
580 3669 617 3717 rei
631 3683 735 3718 censam
753 3683 851 3733 qnaero.
883 3669 985 3718 Invitus
1002 3669 1036 3718 ab
1054 3671 1234 3720 eruditissimis
1254 3673 1316 3720 virle

215 3735 356 3783 distentio:
375 3745 452 3797 atque
471 3734 506 3781 ita
523 3732 627 3796 quidem
644 3733 778 3794 dissentio,
795 3734 856 3794 quie
872 3733 992 3782 videatur
1006 3743 1149 3797 perpetuus
1167 3749 1225 3782 nerse
1239 3735 1316 3784 l’linii

216 3798 358 3862 requirere,
366 3807 395 3848 ut
405 3800 459 3847 luen
468 3811 516 3846 rex
525 3797 563 3846 bis
575 3797 729 3860 repetatur.’
746 3798 834 3848 Arate.
866 3801 874 3826 ⁴
887 3797 969 3846 Codd.
979 3798 1137 3862 Gnelpberb.
1149 3806 1176 3847 et
1184 3798 1315 3849 sennam.

215 4084 274 4133 dnm
287 4084 341 4132 baee
353 4083 513 4145 metaphora,
531 4095 581 4147 qna
597 4088 668 4132 terre
687 4089 694 4112 ⁸
707 4002 925 4131 ffif’Tfffmffiam
937 4088 996 4132 sunt
1014 4080 1114 4143 Plinio,
1125 4094 1212 4144 neque
1224 4079 1314 4130 riden-

216 4159 275 4208 dui'
292 4175 322 4209 ec
341 4157 466 4208 ‘sentiri'
488 4159 619 4221 segetibus
639 4158 745 4214 dicitur,
786 4164 829 4208 tur
842 4159 1081 4224 apanegyricarum
1091 4159 1237 4209 orationum
1248 4157 1314 4222 stylo

216 4234 374 4300 pro‘tegit’
395 4233 441 4284 sed
461 4248 534 4284 voces
553 4233 698 4299 hujusmodi
718 4242 746 4285 et
787 4232 972 4283 valdealienae.
