3022 4852
615 381 854 432 orsrurarro.
1236 369 1281 432 47

179 537 250 605 tna,
266 526 302 591 hi
321 523 454 609 judicio
471 521 611 590 florent!
656 522 855 588 ‘Acuuntnr
876 522 943 586 isto
966 521 1160 606 integritatis
1176 525 1279 607 pretio

180 629 323 704 similes,
340 625 520 690 dissimiles
535 625 745 688 alliciuntur?
779 623 862 707 Gap.
879 639 1003 689 xnvrr.
1026 624 1140 702 ‘Quid
1156 626 1279 689 vitaml

181 727 273 807 Quid
288 725 620 809 moresjuventutisl
643 722 755 802 Quam
765 725 1145 808 principalitersormas!
1169 725 1280 803 Quem

178 831 343 892 honorem
357 827 490 893 dicendi
506 827 693 908 magistris!
725 825 837 905 Quam
858 826 1087 907 dignationem
1103 828 1279 910 sapientire

181 927 380 992 doctoribus
397 925 521 992 habes!
537 925 586 990 Ut
598 928 661 991 sub
677 935 711 991 te
726 926 889 1008 spiritum,
904 931 939 990 et
952 928 1157 1010 sanguinem,
1172 933 1206 992 et
1220 947 1280 1011 pa-

180 1031 278 1093 triam
295 1033 493 1109 receperunt
508 1028 642 1092 studia!
666 1026 754 1106 Quae
766 1026 936 1111 priorum,’
948 1032 1009 1092 &o

223 1130 363 1194 Summa
385 1130 487 1210 igitur
510 1147 635 1206 eorum,
663 1150 738 1212 quae
762 1131 922 1194 hactenns
944 1129 1204 1212 disputavimus,
1229 1137 1281 1194 est

179 1231 264 1296 haec.
309 1229 458 1295 Virtutes
472 1229 620 1311 Traiani,
640 1249 761 1314 resque
775 1230 819 1293 ab
834 1247 874 1292 eo
889 1235 1010 1311 gestas,
1026 1247 1113 1311 quas
1129 1229 1279 1294 oratione

180 1333 246 1396 sibi
263 1332 453 1396 tractandas
467 1337 500 1393 et
515 1329 679 1394 amandas
693 1335 868 1404 sumserat,
882 1349 947 1392 non
965 1330 1052 1393 male
1066 1329 1195 1394 Plinius
1210 1331 1279 1394 dis-

179 1434 305 1515 posuit,
321 1430 563 1512 commodeque
585 1428 786 1493 transeundo
803 1429 835 1492 iu
853 1431 951 1492 unius
967 1430 1117 1513 corporis
1132 1433 1279 1512 speciem

180 1533 361 1614 conjunxit.
407 1532 448 1595 In
460 1529 617 1612 augendis
630 1530 697 1593 illis
713 1531 813 1593 rebus
829 1529 914 1594 satis
930 1529 1127 1594 foecundum
1142 1537 1280 1615 apparet

178 1633 254 1716 ejus
268 1633 447 1715 ingenium,
463 1632 587 1714 passim
602 1632 703 1696 etiam
719 1629 904 1709 luxurians,
918 1632 965 1695 ita
980 1637 1018 1694 ut
1031 1631 1131 1695 facile
1146 1632 1180 1694 in
1195 1633 1279 1697 adu·

178 1735 314 1798 lationis
328 1734 552 1816 suspicionem
567 1733 730 1797 incurrere
753 1734 871 1816 possit
915 1731 956 1795 ln
973 1734 1207 1814 comparandis
1223 1753 1278 1798 au·

178 1834 348 1917 tiquitatis
358 1834 522 1916 exemplis
536 1834 603 1898 suit
617 1834 721 1915 selix3
744 1854 806 1898 nec
819 1834 906 1898 male
917 1833 1184 1911 similitudinum,
1197 1829 1280 1900 ima·

179 1937 304 2018 ginum,
319 1934 647 2018 descriptionumque
662 1933 861 1998 ornamentis
873 1934 1051 1998 orationem
1062 1934 1279 2002 illuminavit:

179 2035 353 2099 sententiis
379 2035 540 2117 pluribuS,
563 2033 753 2118 iisdemque
777 2034 995 2116 gravissimis
1026 2053 1101 2098 eam
1129 2039 1278 2118 ornavit3

180 2154 369 2219 quanquam
379 2142 413 2198 et
422 2135 536 2217 plures
547 2134 759 2218 interposuit,
771 2156 846 2218 quae
856 2136 978 2199 rectius
987 2136 1162 2202 abessent:
1180 2145 1279 2203 acute

181 2238 283 2301 dictis
300 2246 411 2301 autem
428 2236 649 2313 cumulandis
673 2237 796 2320 quibus
816 2238 990 2319 legentium
1011 2237 1157 2302 savorem
1173 2240 1280 2305 ambi-

179 2341 264 2404 tiose
281 2343 408 2422 captat,
424 2357 530 2420 prope
545 2338 828 2418 titintolerabilis3
844 2338 1084 2403 intolerabilior
1099 2340 1201 2404 etiam
1217 2342 1280 2406 im-

178 2442 285 2525 probo
302 2439 479 2523 anaphorae
495 2444 528 2501 et
541 2440 747 2521 repetitionis
764 2439 856 2504 verbi
875 2440 1025 2522 ejusdem
1045 2442 1162 2504 abusu.
1206 2442 1278 2506 Ali·
1318 2497 1329 2528 Ι

180 2561 274 2604 arum
289 2541 477 2621 figurarum,
494 2544 529 2602 ut
543 2540 783 2623 periphraseos,
797 2542 1060 2624 prosopopoeiae,
1078 2545 1280 2610 sermocina-

180 2643 282 2707 tionis
293 2648 326 2705 et
335 2643 525 2724 ethopoeiam
537 2643 693 2723 exempla
703 2643 861 2725 pleraque
874 2642 1046 2725 probanda
1056 2649 1151 2722 sunt;
1166 2646 1279 2724 verba,

180 2743 212 2806 si
226 2742 354 2826 turgida
368 2743 525 2826 quaedam
548 2744 734 2824 exceperis,
758 2745 841 2806 satis
858 2743 992 2806 delecta
1006 2751 1041 2806 et
1056 2745 1207 2809 materiae
1221 2765 1278 2810 ac-

180 2843 414 2908 commodata:
439 2845 599 2907 orationis
613 2844 755 2926 denique
769 2850 935 2909 structura
954 2844 1068 2908 leniter
1083 2845 1278 2928 plerumque

179 2952 213 3008 et
228 2945 438 3026 aequabiliter
449 2944 585 3024 defluit3
607 2945 770 3010 interdum
786 2952 896 3009 tamen
905 2952 1067 3010 oratorem
1083 2948 1169 3011 male
1180 2947 1291 3012 affec·

181 3046 241 3110 tati
256 3046 385 3110 numeri
402 3046 578 3127 cujusdam
594 3047 730 3111 crimine
743 3047 875 3128 premit.
