3100 4854
443 360 704 412 nao.rnru10
729 359 890 410 cincimo
915 361 1102 414 suouuno.
1246 349 1310 416 117

206 508 304 586 velis,
319 525 520 592 quaerasque
542 507 600 591 qui
622 507 692 571 sint
713 526 846 572 omnes:
873 507 992 588 fungar
1002 507 1130 590 judicis
1146 509 1310 592 partibus,

207 617 309 692 atque
325 609 425 673 etiam
441 628 510 691 quo
525 609 589 672 siut
604 608 718 673 ordine
732 608 849 690 scripti
865 615 982 674 notum
996 611 1059 674 tibi
1072 609 1205 676 faciam.
1249 613 1312 678 Est

186 771 187 774 ,
208 713 299 777 enim
313 712 390 775 haec
405 731 540 796 quoque
554 711 720 776 studiosis
735 731 804 775 non
815 711 995 794 injocunda
1006 711 1173 794 cognitio!
1199 714 1311 797 Scrip-

207 815 256 878 sit
278 820 391 878 autem
411 814 542 878 Plinius
564 814 688 896 Major,
704 821 742 880 ut
761 815 902 880 breviter
922 833 967 878 ex
990 814 1135 898 praelata
1155 813 1312 897 Epistola

209 915 387 998 colligitur,
404 922 414 950 ‘
430 915 471 980 de
485 914 698 982 Jaculatione
715 917 874 1000 Equestri
890 917 1010 983 librum
1027 937 1147 996 uuum3
1171 918 1212 980 de
1229 917 1312 981 Vita

208 1017 389 1100 Pomponii
411 1018 558 1083 Secundi
580 1020 684 1084 libros
707 1020 812 1095 duos;
835 1019 1005 1085 Bellorum
1028 1018 1218 1085 Germarriae
1241 1020 1311 1083 sac-

207 1125 316 1186 torum
338 1122 442 1186 libros
460 1121 546 1188 xx!
564 1124 598 1186 in
621 1129 691 1187 arte
713 1123 888 1201 rhetorica,
904 1122 967 1187 ‘de
989 1121 1207 1188 Institutione
1228 1122 1310 1187 Ora-

209 1224 293 1289 toris
318 1224 424 1288 libros
443 1241 499 1286 ur.
539 1224 646 1288 Dubii
672 1224 842 1288 Sermonis
867 1225 975 1288 libros
1002 1222 1101 1288 octo!
1144 1225 1311 1308 Tempore

185 1353 195 1374 ·
210 1325 354 1390 Neronis
375 1325 606 1407 imperatorisg
627 1324 876 1390 ‘Historiarum
892 1344 914 1389 a
930 1324 994 1389 fine
1009 1323 1139 1389 Aufidii
1153 1325 1255 1390 Bassi
1271 1328 1310 1390 li-

208 1429 288 1491 bros
306 1442 427 1491 xxxi.
451 1427 628 1491 Naturalis
643 1425 808 1490 Historiae
831 1426 935 1490 libros
952 1426 1127 1490 xxxvn!
1151 1432 1184 1490 ct
1205 1429 1311 1492 multa

209 1529 278 1594 alia
301 1548 377 1611 quae
400 1547 465 1610 non
488 1528 662 1592 habentur.
709 1527 762 1592 De
786 1529 862 1611 ipso
882 1529 980 1611 refert
1002 1528 1181 1593 Suetonius
1205 1529 1310 1592 Trun-

209 1632 346 1713 quillus,
360 1637 394 1695 et
414 1630 512 1694 valde
531 1629 671 1694 miratur
686 1629 776 1712 quod
792 1630 842 1694 vir
857 1630 1058 1696 militaribus
1074 1629 1195 1694 officiis
1216 1631 1311 1695 dedi-

208 1741 264 1798 tus
279 1738 375 1796 tanta
389 1749 590 1814 componere
607 1731 730 1814 potuit,
746 1731 846 1795 etiam
862 1732 988 1796 ratione
1005 1730 1107 1797 uitae.¹¹
1153 1731 1311 1808 Nam‚,ut

182 1902 186 1910 ,
209 1832 293 1898 dicit
307 1833 397 1897 idem
412 1832 588 1897 Suetonius
603 1834 638 1897 in
650 1833 736 1897 libro
752 1831 794 1896 de
806 1831 899 1897 Viris
913 1832 1117 1913 Illustribus,
1130 1834 1209 1900 dum
1220 1837 1310 1900 idem

209 1929 343 2000 Plinius
363 1935 512 2016 legiones
534 1935 567 1998 iu
588 1934 740 1999 Siciliam
762 1934 911 2011 duceret,
928 1936 1099 2018 eruptione
1121 1937 1308 2002 favillarum

208 2038 252 2102 ab
277 2038 380 2102 AEtnu
402 2037 623 2101 eructantium
641 2037 847 2119 praefocatus
868 2036 1005 2115 interiit,
1025 2057 1114 2102 anno
1133 2039 1212 2104 vitae
1236 2058 1308 2103 suae

210 2155 289 2203 nvi.
303 2148 337 2203 et
351 2140 385 2202 in
400 2138 519 2203 Sicilia
533 2137 739 2203 tumulatur!
783 2136 846 2204 cui
862 2149 1030 2204 consonat
1044 2141 1177 2205 Plinius
1190 2141 1310 2224 Nepos

207 2240 281 2324 ejus
294 2243 327 2304 in
342 2240 483 2325 praefata
498 2240 653 2323 Epistola
665 2239 708 2304 ad
724 2240 878 2306 Marcum
891 2243 1026 2308 dicens:
1049 2241 1208 2309 ‘Miraris
1221 2244 1310 2327 quod

207 2349 258 2407 tot
280 2343 457 2416 volumina,
473 2341 641 2425 multaque
664 2341 768 2405 iubis
784 2343 994 2426 scrupulosa,
1008 2344 1108 2408 homo
1122 2351 1310 2428 occupatus

208 2445 401 2510 absolverit.
446 2431 559 2526 Magis
581 2443 758 2508 miraberis
782 2445 813 2508 si
834 2442 968 2510 scieris¹
990 2445 1083 2508 illum
1105 2447 1310 2529 aliquamdiu

209 2548 380 2612 dictitasse
395 2554 430 2611 et
445 2545 634 2610 decessisse
650 2565 737 2610 anno
755 2553 852 2611 sexto
867 2555 899 2610 et
912 2546 1211 2631 quinquagesimo?
1254 2545 1309 2610 De

208 2655 312 2714 morte
331 2668 412 2713 vero
433 2648 545 2731 ipsius
560 2649 641 2731 quia
656 2665 804 2729 praesens
819 2656 893 2712 erat
907 2647 931 2713 J
933 2648 1024 2711 unior
1039 2648 1168 2710 Plinius
1191 2648 1310 2712 scribit

208 2751 406 2834 plenissime
421 2748 463 2814 ad
480 2748 673 2813 Cornelium
685 2748 843 2814 Tacitum
859 2750 970 2833 Epist.
987 2765 1038 2812 vr.
1053 2749 1107 2812 lu.

252 2853 386 2917 Plinius
408 2851 539 2927 Junior,
554 2849 699 2932 Majoris
721 2850 824 2915 Plinii
846 2871 890 2916 ex
912 2871 1023 2917 sorore
1045 2870 1162 2936 nepos,
1177 2852 1225 2916 sio
1247 2851 1309 2914 bo·
1388 2903 1392 2912 .

208 2975 323 3019 narum
341 2955 498 3019 virtutum
521 2953 642 3022 studiis
668 2960 723 3017 est
744 2954 945 3019 avunculum
969 2955 1128 3029 imitatus,
1153 2961 1190 3016 ut
1217 2957 1308 3016 esset

209 3058 298 3122 idem
324 3074 470 3133 numero,
495 3055 525 3117 si
546 3074 611 3119 non
635 3058 754 3136 posset
773 3054 808 3117 in
832 3056 949 3120 altero.
995 3056 1085 3118 Nam
1108 3063 1141 3118 et
1161 3055 1225 3118 iste
1248 3073 1308 3134 per

208 3159 320 3223 omnia
344 3156 456 3220 officia
477 3154 642 3218 Romanae
665 3155 759 3217 urbis
779 3162 832 3218 est
856 3163 1039 3237 promotus.
1084 3154 1212 3218 Consul
1233 3152 1307 3214 fuit.

210 3258 342 3323 Deinde
363 3256 490 3321 Africae
510 3253 701 3337 proconsul,
717 3258 750 3316 et
772 3255 986 3337 postmodum
1002 3275 1128 3338 praeses
1145 3254 1308 3336 Hispani·

210 3379 316 3424 arum.
362 3357 444 3436 Hic,
460 3365 498 3420 ut
518 3355 667 3420 scribunt
690 3355 916 3440 Hieronymus
937 3356 1032 3422 Beda
1048 3365 1083 3422 et
1098 3357 1306 3432 Vincentius,

210 3461 312 3542 Hngo
326 3466 359 3524 et
373 3460 433 3524 alii
443 3459 478 3523 in
489 3457 718 3535 chronicis,et
733 3457 904 3522 Eusebius
916 3458 1136 3524 Caesariensis
1149 3459 1233 3523 libro
1250 3475 1305 3520 ιιι.

210 3561 460 3627 Ecclesiasticee
484 3560 661 3637 Historiae,
683 3560 762 3624 dum
784 3579 910 3643 praeses
935 3568 1025 3626 esset
1050 3561 1305 3644 Hispaniarum,

209 3663 326 3727 videns
349 3661 561 3727 Christianos
584 3661 656 3726 sine
680 3681 786 3726 causa
807 3664 980 3727 crudeliter
1001 3663 1152 3739 interfici,
1168 3663 1307 3743 scripsit

209 3764 403 3847 imperatori
421 3763 579 3847 Trojano,
594 3767 633 3826 ut
648 3763 912 3845 persecutionem
930 3763 1083 3827 cohibere
1099 3763 1305 3844 dignatatum

241 3979 254 4014 e
270 3969 329 4019 Vox
340 3969 393 4020 ista
402 3968 552 4033 imperatoria
563 3967 590 4018 in
606 3966 662 4018 Lin.
674 3964 740 4016 deal·
774 3969 851 4018 eirum
861 3968 1004 4018 militaribus
1019 3968 1103 4034 ficiis
1117 3965 1222 4014 deditum
1236 3967 1306 4014 tauto

209 4045 324 4096 deretur.
773 4061 909 4110 componere
917 4048 1032 4109 poluisse,
1042 4045 1115 4092 etium
1125 4042 1217 4091 ratione
1227 4042 1293 4092 etta,

242 4121 254 4155 ¹¹
271 4122 356 4172 Aliter
372 4123 397 4170 lu
417 4122 473 4171 Lin.
486 4121 524 4170 De
535 4121 578 4168 boe
594 4121 669 4178 κίονί
680 4120 739 4170 Sue·
807 4120 814 4154 ¹
829 4122 859 4171 Si
869 4124 944 4172 aeirus
955 4124 980 4172 in
991 4121 1046 4170 lin.

208 4200 289 4250 torius
300 4199 462 4264 uenenatas,
472 4199 534 4262 quud
548 4198 616 4248 uulda
628 4198 738 4254 miratur,
