3022 4852
233 402 277 464 70
361 405 365 414 “
511 416 541 463 c.
567 415 686 464 rerum
711 413 860 462 cncrnrr
885 415 1048 464 securam

234 555 395 638 principe,
411 557 585 637 antequam
599 553 805 639 profiteretur
828 555 941 620 odium
962 553 1131 632 bonorum,
1146 560 1323 640 postquam

234 654 407 736 professus
418 653 492 731 est,'
506 654 604 739 (mox
619 663 736 738 nempe
747 663 828 737 post
839 653 1005 735 Agricolae
1019 665 1167 732 mortem,
1179 675 1254 718 cum
1269 658 1324 720 ille

235 758 319 818 ‘non
330 755 401 836 jam
417 775 477 838 per
490 755 662 818 intervalla
676 774 716 818 ac
737 755 937 837 spiramenta
953 761 1144 835 temporum,
1166 757 1225 818 sed
1245 776 1324 820 con·

235 853 328 917 tinuo
353 861 387 917 et
410 855 499 917 velut
518 874 582 917 uno
607 856 673 917 ictu
697 873 801 935 remp.
822 851 1000 927 exhausit,'
1023 861 1058 916 et
1079 855 1195 917 eadem
1215 863 1324 937 strage

233 960 283 1019 lot
295 955 520 1017 consularium
532 952 646 1016 caedes
663 952 756 1027 lecit,
773 953 924 1034 expulsis
941 953 1076 1035 insuper
1091 953 1126 1016 S.
1141 953 1181 1018 C.
1194 956 1324 1037 sapien·

233 1055 290 1118 tiae
309 1054 568 1136 professoribus,
584 1055 670 1129 διεδ)
692 1053 870 1131 ‘substiti;
894 1072 969 1114 cum
991 1053 1150 1130 viderem,
1178 1074 1256 1137 quae
1280 1056 1324 1119 ad

235 1155 377 1218 honores
393 1154 592 1236 compendia
606 1160 772 1236 paterent,
787 1153 916 1233 longius
930 1154 992 1216 iter
1005 1151 1129 1215 malui!

277 1254 356 1317 Hoc
370 1263 519 1336 tempore
541 1253 709 1317 Martialis
728 1253 912 1316 versiculos
934 1252 977 1315 de
994 1252 1104 1315 Plinio
1123 1257 1323 1336 composuit,

204 1377 206 1382 ·
233 1374 317 1438 quos
334 1353 460 1418 Noster
481 1353 544 1436 Ep.
564 1369 622 1416 ιιι.
643 1353 700 1416 21.
722 1353 842 1434 partim
861 1353 990 1429 recitat,
1011 1361 1045 1416 et
1059 1354 1203 1434 integros
1217 1354 1323 1435 legere

233 1461 286 1518 est
300 1456 356 1519 lib.
374 1472 414 1518 x.
431 1455 528 1536 Epig.
543 1454 596 1517 19.
613 1474 709 1537 quem
725 1455 787 1516 hoc
807 1472 860 1516 nu.
877 1461 1116 1535 exeuntepost
1137 1453 1323 1518 Domitiani

232 1575 348 1620 necem
369 1573 442 1618 esse
466 1554 603 1629 editum,
627 1554 751 1616 invicte
775 1553 856 1616 alibi
876 1554 1066 1635 probamus,
1082 1561 1185 1636 atque
1204 1556 1257 1618 vel
1279 1573 1323 1618 ex

233 1656 332 1737 Epig.
348 1655 403 1718 72.
418 1656 500 1717 satis
516 1654 735 1716 manifestum.

278 1755 400 1818 Primis
425 1754 557 1837 quidem
584 1755 723 1818 ‘diebus
751 1755 889 1818 redditae
915 1755 1100 1828 libertatis,'
1133 1753 1225 1838 (cum
1249 1754 1322 1817 scil.

233 1855 349 1922 Nerva
360 1855 550 1919 Domitiano
564 1856 749 1919 succedens
758 1875 812 1919 res
824 1855 903 1918 olim
917 1855 1149 1919 dissociabiles
1158 1839 1322 1931 misceret,

143 2025 146 2034 ¹
231 1958 453 2040 principatum
466 1975 506 2019 ac
521 1956 716 2030 libertatem,
728 1955 873 2020 utbabct
883 1952 1066 2036 Tacitus,⁵)
1087 1959 1170 2036 ‘pro
1185 1975 1221 2018 se
1233 1955 1322 2038 quis·

233 2077 297 2140 que
312 2058 462 2119 inimicos
474 2075 569 2131 snos,
583 2056 744 2119 duntaxat
758 2056 915 2132 minores,
930 2054 1161 2136 postulaverat
1173 2054 1270 2119 simul
1286 2062 1321 2120 et

234 2156 467 2240 oppresserat,'
489 2157 552 2239 Ep.
566 2171 621 2221 rx.
637 2155 692 2218 13.

394 2381 396 2388 ,
502 2317 567 2382 Au.
584 2317 660 2382 Gbr.
676 2334 796 2380 xcvrr.
840 2317 904 2381 An.
920 2319 992 2382 AEt.
1009 2321 1063 2401 hl.

276 2437 399 2502 Verum
415 2438 540 2501 Noster
555 2436 734 2501 arbitratus
746 2454 820 2499 esse
836 2455 987 2517 maguam
999 2436 1237 2520 pulchramque
1252 2457 1321 2503 ma-

232 2539 348 2602 teriam
369 2538 556 2602 insectandi
577 2545 749 2613 nocentes,
772 2537 911 2600 miseros
935 2537 1137 2613 vindicandi,
1151 2557 1189 2602 se
1211 2541 1319 2622 prole-

232 2639 338 2717 rendi,
353 2641 458 2704 noluit
480 2638 674 2702 Helvidium
690 2638 845 2701 Priscum
863 2637 1036 2721 juniorem,
1053 2657 1151 2720 quem
1167 2641 1320 2721 superius

233 2740 462 2804 aDomitinno
484 2739 630 2804 vidimus
654 2739 873 2816 intersectum,
894 2739 1036 2802 inultum
1053 2739 1144 2820 pati3
1168 2739 1324 2823 adeoque

232 2840 421 2903 Publicium
439 2837 573 2902 Certum
596 2839 680 2920 (jam
696 2840 887 2921 praesectum
903 2837 1022 2915 aerarii,
1044 2846 1078 2901 et
1093 2839 1185 2903 brevi
1200 2859 1319 2904 consu·

230 2940 295 3001 lem
322 2937 478 3015 futurum,
502 2941 561 3020 qui
585 2938 745 3002 Helvidio
766 2945 892 3003 tautum
920 2958 976 3002 reo
995 2940 1030 3002 in
1055 2946 1172 3003 senatu
1201 2962 1319 3007 manns

230 3037 396 3116 intulerat)
419 3037 507 3118 apud
537 3038 578 3100 P.
599 3036 638 3101 G.
658 3039 831 3102 accusavit
853 3046 887 3102 ct
906 3040 1039 3123 proprio
1060 3041 1196 3105 crimine
1217 3043 1319 3123 ursit;
1353 3085 1359 3092 -

232 3145 329 3202 ‘cunr
342 3138 415 3219 Jam
439 3139 523 3202 satis
541 3138 600 3202 ille
626 3139 753 3221 primus
775 3140 917 3221 impetus
941 3141 1170 3220 deferbuisset,
1193 3152 1228 3206 et
1249 3145 1319 3208 lan-

232 3240 359 3321 guidior
386 3238 492 3303 indies
520 3239 569 3302 ira
596 3239 638 3302 nd
655 3239 819 3322 justitiam
848 3240 1008 3318 redisset,'
1028 3241 1094 3324 Ep.
1120 3243 1174 3306 cit.
1211 3243 1318 3308 Unde

231 3340 384 3420 colligere
412 3344 473 3416 est,
500 3339 535 3401 id
560 3341 690 3403 nonnisi
716 3359 769 3408 an.
791 3340 867 3404 cnr.
890 3358 1012 3406 xcvrr.
1043 3343 1174 3406 ineunte
1203 3364 1322 3426 perac-¹

231 3445 313 3502 tum.
357 3438 409 3501 Eo
438 3439 554 3519 magis,
576 3439 667 3520 quod
685 3439 757 3521 jam
782 3439 878 3503 Arria
896 3447 929 3504 et
952 3442 1090 3519 Fannia,
1112 3463 1249 3526 quarum
1272 3446 1320 3508 al·

230 3546 301 3605 tera
330 3537 479 3601 Helvidii
507 3556 659 3614 noverca,
688 3539 791 3602 altera
819 3545 925 3605 mater
948 3561 1115 3621 novercae,
1153 3546 1223 3608 ‘ab
1245 3546 1319 3608 exi·

229 3641 276 3705 lio
297 3635 481 3713 redierant,'
501 3638 581 3701 ibid.
625 3638 758 3702 Etenim
783 3640 847 3704 lroc
879 3642 1008 3705 demum
1036 3663 1119 3707 anno
1145 3631 1316 3710 exsvnus'

231 3757 363 3807 nouae
388 3755 577 3803 nunmuos
606 3759 758 3804 nummus
802 3758 861 3807 ιιι.
892 3742 1014 3809 Nervae
1047 3745 1222 3810 consulatu
1251 3748 1318 3830 sig·

229 3852 329 3908 natus
359 3843 463 3906 docet
510 3839 613 3918 Quod
633 3847 666 3907 et
691 3839 814 3906 Noster
836 3842 1008 3908 confirmat
1021 3843 1085 3926 Ep.
1101 3860 1126 3906 1.
1140 3846 1172 3908 b.
1193 3848 1319 3930 scripta

231 3963 305 4008 cum
330 3947 523 4025 expectaret
541 3942 673 4024 quidem
694 3942 895 4021 Mauricum,
916 3964 982 4007 uun
1002 3964 1078 4008 cum
1099 3947 1317 4011 nobilissimis

263 4114 273 4140 ¹
287 4105 371 4154 Tacit.
380 4105 436 4154 vu.
448 4105 511 4169 Agr.
523 4121 546 4157 c.
556 4110 596 4157 ⁴4.
609 4105 642 4155 cl’.
654 4121 677 4157 c.
688 4111 713 4157 ².
725 4115 753 4158 et
825 4117 835 4142 ⁸
848 4107 916 4158 lbid.
925 4122 947 4158 c.
961 4113 985 4159 2.

230 4180 291 4231 Aul.
303 4179 370 4228 Gen.
382 4181 459 4232 Noct.
470 4181 525 4235 Art.
538 4195 586 4234 xv.
598 4185 638 4233 12.
