3050 4842
464 369 517 418 sn
541 367 821 420 rsuuurrnruurs
847 368 979 417 rursu.
1205 357 1278 422 331:

171 507 359 572 lrris‚quoruus
376 506 594 560 conterendum·
612 507 690 570 copis
700 507 774 560 nobis
788 504 851 570 isit,
859 508 915 558 aine
934 509 1063 562 serletate
1074 511 1279 575 depressurae
1313 514 1317 522 '

173 591 260 652 tunsi
280 605 297 640 s
312 590 397 652 prino
413 589 479 640 libro
490 588 583 648 Gudii,
596 593 626 640 ct
642 603 659 638 a
676 589 827 652 Cuspiuiaui
845 589 963 640 editione
976 590 1136 642 discesseris.
1168 594 1277 644 Etenirn

174 669 239 724 uiuit
256 667 338 722 rsiert
354 669 380 718 iu
399 669 528 732 prioribus
538 669 656 720 &rauci
667 668 825 719 editionibus
837 675 1046 732 propinarem,
1058 671 1110 733 legi
1118 678 1278 735 pruscam

175 758 254 812 atque
271 749 300 802 iu
314 749 407 804 codiee
425 747 614 808 dellshurgsusi
628 747 755 810 scripturn
771 763 836 810 esse,
847 748 877 798 rii
889 751 964 798 neeis
980 749 1128 813 pincipis„
1135 759 1277 814 prm

173 830 323 892 duuuim
332 831 396 880 item
408 830 510 880 inlitus
522 830 604 892 primo
611 829 693 878 fluuii
701 843 749 892 pro
759 830 841 880 verbo
845 830 980 892 puden,
986 838 1137 884 annotatum
1146 847 1204 883 esse
1211 845 1277 897 pre-³

174 911 275 962 huss.
306 910 448 972 Gruterus,
456 909 605 974 quialioqui
615 908 680 960 sutis
689 909 839 958 moderetur
851 909 1041 976 religiosusque
1051 919 1093 962 cst
1102 913 1129 960 iu
1140 909 1277 962 renunciis

175 991 332 1054 scriptorum
346 990 442 1052 verbis,
453 987 538 1040 fassus
548 997 600 1050 est,
613 1003 660 1052 pro
672 989 750 1040 serbo
761 991 900 1052 cogitans,
911 991 960 1041 sibi
972 991 1111 1056 aliquunde
1121 993 1149 1042 iu
1160 998 1276 1042 ruentem

174 1071 278 1139 venisse
295 1072 444 1132 rogitemus,-
459 1078 540 1136 atque
552 1070 578 1120 id
596 1084 681 1132 neque
697 1078 789 1133 postea
805 1071 881 1120 valde
899 1071 1075 1136 displicuisse.
1106 1073 1205 1122 Verum
1221 1085 1277 1121 usu

174 1150 302 1214 ridemus,
312 1152 440 1217 quomodo
450 1151 511 1200 hinc
520 1153 579 1214 plus
590 1152 657 1200 lucis
667 1152 796 1202 needere
808 1152 893 1214 possit
903 1152 963 1202 lruie
971 1153 1044 1202 loco?
1074 1153 1276 1204 Prisclrrnaunus

173 1245 247 1293 vero,
257 1247 304 1282 seu
315 1232 401 1296 potius
413 1231 609 1296 Berueggerus‚
619 1231 717 1281 diserte
728 1231 818 1281 docuit
829 1232 983 1294 particulam
995 1233 1018 1282 si
1028 1233 1078 1282 lroc
1091 1234 1151 1283 loco
1162 1233 1275 1297 positaru
1296 1273 1301 1280 ,

174 1325 233 1364 esre
246 1326 293 1374 pro
312 1328 363 1371 on,-
378 1309 628 1376 quenadmodumd
645 1312 715 1375 spurl
731 1313 860 1372 Oricon
876 1313 1006 1377 hujusque
1024 1313 1137 1363 notionis
1153 1313 1275 1377 exempla
1337 1351 1339 1354 -

174 1391 293 1456 quaedsur
305 1407 337 1440 es
349 1393 407 1442 eliis
418 1392 590 1456 scriptoribus
600 1394 747 1443 arcessivit.
774 1393 860 1455 Ideni,
871 1394 1009 1444 cumuletis
1019 1393 1175 1458 quibusdam
1186 1409 1275 1443 exeru-

171 1471 233 1534 ptis,
250 1472 360 1522 docuere
378 1472 437 1526 Jec.
452 1473 486 1522 dc
507 1474 533 1521 la
549 1473 648 1529 Beuue,
664 1473 873 1536 Kirclrnraierus‚
883 1473 1021 1537 cellarius,
1033 1475 1086 1522 ulii.
1118 1473 1162 1523 ltu
1181 1488 1275 1536 nempe

173 1565 263 1604 omues
274 1551 302 1600 iu
320 1551 371 1602 ists
390 1553 610 1616 interpretatione
628 1553 709 1602 seurcl
725 1552 835 1602 iuseuts
845 1553 1012 1616 acquievere,
1022 1554 1119 1603 nullum
1134 1552 1276 1616 defectum,

173 1633 323 1698 uullanrqus
339 1633 514 1696 corruptelam
531 1633 643 1696 amplius
652 1634 789 1697 suspicati.
821 1633 885 1696 Sed,
895 1634 918 1684 ai
928 1634 969 1682 rel
981 1634 1092 1684 merisne
1103 1634 1181 1684 istum
1191 1634 1277 1684 notio·

173 1727 232 1764 uem
250 1713 383 1775 particule
397 1712 429 1768 si,
449 1727 559 1778 eamque
575 1714 708 1770 rariorem,
723 1722 761 1776 et,
779 1723 904 1778 quantuni
920 1714 995 1764 uobis
1011 1719 1125 1777 constat,
1147 1727 1274 1780 uusquern

173 1792 235 1843 alibi
246 1793 334 1844 Plinio
345 1800 506 1856 usurpatam.
516 1794 696 1857 admittamus,
706 1795 824 1859 adeoque
839 1795 897 1857 ejus
911 1795 970 1846 luco
990 1795 1146 1859 particulam
1165 1795 1276 1844 iuterro-

175 1873 252 1936 gaudi
262 1889 294 1922 un
305 1888 463 1922 muniamus
475 1891 483 1934 ;
500 1888 551 1923 nou
569 1883 666 1937 tanuen,
679 1875 727 1923 uisi
739 1875 864 1937 languide
876 1881 904 1923 et
919 1874 1041 1924 Pliniauo
1057 1873 1170 1922 acumini
1182 1887 1277 1936 parurn

173 1965 321 2014 congruens
337 1954 478 2009 sententis,
490 1952 551 2001 iude
567 1954 683 2002 existere
699 1953 824 2014 ridetur;
842 1968 917 2016 quum
930 1954 1010 2002 multo
1022 1952 1172 2002 viridiorem
1191 1953 1275 2002 scrio-

173 2047 280 2096 remque
292 2033 379 2081 reddit
390 2034 598 2095 supplementum
611 2035 684 2096 illud,
694 2033 764 2100 quod
782 2035 807 2082 iu
825 2034 932 2100 egregie
944 2034 1094 2097 Cuspiuisui
1106 2031 1200 2082 ἐκδόσει
1218 2033 1274 2081 uui·

173 2112 369 2173 maurentinus,
380 2112 425 2160 ubi
445 2111 500 2160 haec
520 2113 600 2161 rerba
617 2115 745 2175 pleniore,
756 2115 890 2178 multoque
901 2115 1078 2174 concinuisse,
1096 2114 1133 2163 sic
1143 2115 1252 2176 legimus
1264 2130 1272 2163 r

172 2197 245 2254 utque
260 2192 389 2242 identidem
404 2193 544 2253 cogitemus,
560 2208 630 2254 quum
644 2194 678 2241 sit
695 2194 831 2255 indigneris,
847 2195 870 2242 si
880 2193 958 2254 ennius
971 2185 1119 2256 principibus
1131 2199 1273 2256 praeterires

173 2272 316 2336 obsequium,
327 2272 369 2336 psi
384 2272 603 2337 saudstccioisrs,
621 2289 693 2336 quere
712 2273 754 2337 qui
769 2273 889 2334 libains,
904 2275 1040 2324 Μηίων(
1060 2275 1156 2339 Neque
1166 2282 1217 2337 est,
1226 2288 1273 2324 cur

171 2355 240 2403 lruuc
253 2353 377 2417 loquendi
394 2354 522 2402 rationem
534 2355 576 2402 rel
585 2368 689 2410 uorem,
697 2355 738 2403 rel
749 2355 836 2408 Plinio
847 2354 1043 2418 uriuusrliguunr
1055 2356 1200 2420 opinemur,
1211 2359 1275 2405 curri

173 2425 347 2496 Cuspiulruas
358 2433 423 2482 istos
434 2432 610 2495 Panegyricos
621 2434 749 2483 Veterum
764 2448 798 2482 ex
809 2435 919 2482 vetustis
937 2434 1072 2483 codicibus
1091 2435 1253 2484 recensuerit
1261 2441 1275 2495 ;

173 2527 286 2578 euntque
303 2513 404 2562 Plinius
415 2514 494 2561 etism
505 2512 532 2560 in
548 2512 598 2561 lroe
609 2513 666 2575 ipsu
684 2513 851 2576 Psuegprico
862 2512 953 2560 eadem
965 2511 1021 2560 fere
1033 2511 1146 2562 t‘orusulu
1162 2513 1200 2563 uti
1211 2521 1274 2564 corra'

172 2595 297 2643 secuerit.
328 2593 373 2643 Sic
391 2593 461 2642 enisu
482 2606 539 2642 ur.
556 2595 580 2640 1.
613 2592 684 2641 ‘Sed
706 2591 770 2640 illud
792 2591 944 2654 indiguum,¹
960 2591 1055 2655 lnquit,
1073 2592 1158 2656 ‘quod
1180 2593 1272 2641 ecdem
1299 2647 1303 2658 Ι

172 2680 301 2738 tempore.
313 2675 339 2723 iu
350 2681 444 2722 senatu
454 2680 483 2722 et
494 2673 521 2721 in
532 2685 622 2732 sceno,
633 2671 667 2720 alr
678 2671 803 2720 histrione
815 2678 842 2722 et
852 2685 868 2721 a
878 2671 996 2730 consulo,
1014 2669 1204 2720 leudebertus:
1236 2673 1273 2722 lit

173 2753 359 2815 congruentius
369 2764 478 2802 uxxvrr.
487 2754 514 2801 7.
528 2751 646 2814 ‘Quippe
658 2751 736 2799 etissr
747 2748 859 2800 fortune
873 2749 1010 2799 videbatur
1023 2751 1168 2812 indignum,
1179 2751 1201 2798 si
1213 2765 1273 2814 poss

174 2834 334 2884 setlronores
345 2833 418 2889 dure,
428 2832 473 2898 qui
485 2845 576 2895 gerere
584 2845 635 2884 uon
646 2829 753 2893 posset:
769 2830 858 2886 Ouidi
874 2829 944 2892 (luod
956 2830 1047 2878 eudem
1060 2830 1227 2894 verbnquora
1238 2833 1273 2883 sit

174 2913 308 2976 mussas,
318 2915 437 2963 hocloco
454 2919 579 2961 annotata
596 2910 766 2974 deprehendi·
776 2910 804 2958 lu
815 2909 883 2960 libro
903 2911 989 2973 primo
1007 2909 1108 2971 Grrdli3
1126 2925 1273 2976 quenquam

173 2994 299 3055 nescium,
318 2993 388 3043 uude
409 2993 431 3045 is
453 3007 483 3042 es
501 2992 653 3056 acceperit?
672 2993 756 3040 llliror
772 2990 864 3054 igitur,
880 3005 928 3040 cur
946 2998 1000 3040 turn
1012 2999 1076 3055 opta
1093 2999 1122 3042 et
1139 2993 1273 3043 luculente

173 3074 254 3127 lectio
264 3089 317 3128 nou
327 3075 423 3124 dudunt
435 3073 593 3138 postliminio
604 3071 727 3126 restitute
737 3069 820 3120 fuerit
831 3069 933 3121 Plinio*

595 3377 785 3438 EXCURSUS
808 3379 863 3432 111.

208 3582 276 3632 Cur.
285 3594 323 3630 rr.
332 3584 358 3628 3.
378 3579 519 3639 Utrunque,
530 3577 614 3624 Coerur
624 3574 743 3636 Auguste,
753 3575 887 3624 nudante:
904 3573 999 3638 siquod
1010 3573 1068 3624 olibi
1079 3573 1123 3622 tili
1129 3575 1224 3636 gradus
1232 3565 1274 3640 ogi

173 3659 460 3724 nonsiris,etouoddic
471 3657 539 3706 riuis.
574 3657 631 3704 Noa
642 3658 730 3705 enimc
749 3654 1126 3719 retpwfioiuonorureffetar
1139 3656 1273 3725 agentibus,
1307 3683 1311 3690 -

173 3743 283 3795 ludetur.
317 3741 402 3788 Plana
420 3739 478 3787 ltaec
489 3744 549 3786 suut
561 3735 650 3798 verbe,
661 3750 745 3798 neque
757 3735 833 3784 tuelle
845 3735 986 3794 mutanda3
1004 3747 1062 3781 curn
1073 3734 1196 3790 omniurn,
1207 3749 1272 3797 quos

174 3819 360 3878 consuluimus,
376 3818 500 3866 librorum
522 3814 678 3864 auctoritate
697 3828 726 3862 se
745 3819 876 3862 tueeutur.
912 3813 992 3863 Nilrlli
1009 3812 1077 3861 eninr
1092 3819 1142 3868 est,
1159 3811 1227 3876 qtrod
1245 3801 1272 3862 ln*

173 3899 269 3950 codice
280 3897 426 3948 Parisieusi
438 3899 497 3945 loco
510 3893 667 3958 pronominis
677 3893 731 3951 titi,
740 3892 836 3956 legitur
846 3892 925 3951 nidit5
941 3900 969 3942 et
981 3905 1028 3954 pro
1040 3890 1118 3940 verbo
1126 3891 1235 3954 dutdsr,
1246 3893 1273 3942 iu

174 3977 268 4029 codice
281 3977 515 4041 Guelplrerbytouo
533 3978 630 4036 egetur.
662 3972 710 4034 Ar,
719 3987 779 4024 euru
790 3972 817 4024 iu
832 3985 890 4034 neo
900 3971 992 4021 codice
1004 3971 1055 4020 dds.
1066 3969 1161 4019 unisse
1173 3986 1275 4034 prepo-

173 4059 273 4109 sitioue
294 4059 333 4120 ut,
350 4059 406 4108 hec
417 4058 519 4119 scripta
530 4056 594 4117 siut,
608 4068 655 4102 eurr
666 4054 729 4102 cuim
743 4069 759 4103 u
777 4057 803 4103 ts
817 4053 869 4117 ipso
880 4051 927 4101 titi
942 4053 1015 4102 lusor
1025 4050 1081 4112 iste,
1091 4052 1133 4100 sed
1148 4051 1274 4113 uestitus

172 4138 293 4196 iucem
309 4136 480 4200 conitendum
497 4145 548 4198 ert,
558 4148 643 4190 ennon
660 4134 699 4184 sie
718 4135 837 4197 argutior
853 4133 983 4187 sententis
997 4131 1057 4186 irinc
1068 4132 1183 4184 esistsri
1199 4134 1273 4198 qussi

173 4219 273 4276 dixerit
283 4217 481 4284 percusisset:
499 4215 560 4271 Non
577 4229 594 4268 a
609 4214 705 4280 teipso
726 4214 775 4270 rur
793 4215 874 4272 uomr
893 4213 946 4269 istu
962 4212 1083 4278 emtus,
1094 4211 1112 4270 i·
1124 4225 1148 4266 n
1159 4227 1217 4268 uon
1236 4213 1275 4268 tui
