3100 4854
231 354 298 428 140
577 367 622 422 so.
646 371 770 424 rurum
792 371 957 426 sueonos
972 379 986 389 ··

232 517 340 602 prius.
382 517 416 583 3.
439 513 659 588 Disoomotnr
675 518 883 585 orationibus
901 518 1028 584 nostris
1049 511 1229 584 diuersitas
1250 525 1330 585 tem*

233 638 363 705 porum,
379 626 473 684 etex
487 621 563 706 ipso
583 630 722 704 genero·
743 621 918 705 gratiarnm
943 622 1146 705 agendarum
1168 623 1333 708 intelligo·

231 727 295 800 tur,
311 721 378 798 oni,
396 720 541 805 quando,
558 721 626 787 sint
646 728 742 788 actm.
787 721 969 807 Nusquam
983 729 1023 788 ut
1045 726 1123 789 Deo
1138 744 1237 805 nuno,
1253 743 1332 790 nus·

232 842 334 906 quom
344 827 383 889 ut
397 823 534 901 numini,
544 822 765 888 blandiamur.
787 822 870 888 Non
879 825 964 888 enim
976 825 1018 890 do
1032 826 1197 908 tyranno,t
1212 826 1274 890 sed
1286 827 1330 892 de

234 923 331 1005 oive;
354 946 421 991 non
435 925 477 989 do
491 924 652 1002 domino‚¹¹
667 925 727 990 sed
744 925 786 990 de
802 933 951 1009 parente,
965 928 1139 1009 loquimur.
1169 930 1201 991 4.
1217 927 1332 992 Unum

158 1071 164 1084 .
229 1023 291 1090 iiis
304 1045 343 1091 so
358 1045 403 1092 ex
418 1025 527 1103 nobis,
542 1032 578 1091 ot
591 1026 657 1091 hoc
674 1027 781 1109 magis
798 1025 937 1092 excellit
960 1034 1064 1110 atquo
1083 1027 1217 1105 eminet,
1238 1027 1333 1112 quod

690 1221 873 1246 '‘NOMNOO

230 1363 283 1419 pso
297 1353 367 1418 prius
381 1347 450 1406 hunc
466 1349 551 1403 iocum
568 1365 584 1403 a
600 1349 677 1404 codd.
694 1351 777 1405 Paris.
789 1355 886 1405 venat.
896 1355 972 1404 Voss.
988 1359 1015 1403 et
1034 1352 1094 1403 edd.
1104 1351 1214 1417 Gryphii
1224 1357 1251 1404 et
1262 1349 1334 1403 Sinis.

231 1419 426 1482 assignavimus.
459 1418 545 1482 Vulgo
564 1419 591 1468 in
612 1418 664 1468 fine
687 1418 799 1481 periodi,
814 1425 907 1472 contre
925 1420 1074 1470 Latinarum
1092 1418 1258 1484 periodorum
1279 1417 1332 1469 for-

231 1496 308 1546 mam,
346 1483 412 1533 osito
431 1481 562 1546 leguntur.
596 1481 744 1534 Scheferus
761 1497 819 1534 oum
837 1483 941 1533 Vetioo.
961 1483 1055 1533 Seiisb.
1073 1491 1100 1532 et
1117 1483 1230 1545 Gueiph.
1250 1481 1332 1546 m'olit,

230 1559 283 1612 que
338 1551 481 1604 nemoroso.
515 1547 543 1596 1s
555 1559 657 1610 quoque
674 1548 738 1596 ordo
755 1546 823 1596 bcue
834 1559 862 1597 se
873 1546 961 1598 habet.
995 1546 1061 1596 Mihi
1073 1561 1134 1597 vero
1146 1547 1331 1610 dirupisset,

230 1612 290 1678 quis
301 1618 329 1662 et
341 1612 368 1662 in
380 1613 466 1675 priore
478 1609 591 1660 membro
606 1613 687 1672 potum
704 1609 853 1674 precedit!
872 1611 1018 1672 Giton-8
1036 1612 1089 1660 Pro
1106 1611 1233 1660 diversitas
1243 1617 1333 1673 tempo·

230 1673 614 1788 ttt'0iit⁰it.⁷¹tittt¹
623 1675 762 1790 ,1ῗῖἱίῗέ
774 1675 1031 1788 1141111111
1044 1676 1113 1789 3:th
1131 1673 1333 1790 inniti·

230 1803 1083 1931 mustum
1097 1803 1332 1929 rut

246 1932 379 1982 tondosint
388 1935 458 1982 octoe.
491 1899 616 1994 Nsoqssous
625 1932 797 1988 4111444444,
807 1945 920 1994 nmquam
935 1936 961 1980 ut
980 1930 1090 1988 Nemini,
1100 1933 1143 1994 do.
1175 1931 1218 1981 Ita
1228 1901 1332 1996 quoqne¹

229 1945 342 2057 lineus,
352 1996 513 2060 approbante
523 1996 647 2048 Grutero.
661 1995 764 2046 Puteoi.
776 1999 848 2045 1476.
861 1995 953 2044 venet.
967 1999 1038 2046 1498.
1049 1993 1109 2044 Aid·
1120 1995 1227 2046 Arcens.
1237 1996 1332 2046 Coton.

230 2059 319 2110 Hock.
331 2066 359 2110 et
372 2061 406 2108 41.
416 2064 571 2124 sequentes:
588 2060 627 2110 oui
646 2061 741 2124 quanm
759 2059 809 2108 rint
827 2059 939 2108 Meteiras
955 2064 982 2108 ut
996 2061 1057 2114 Deo.
1075 2074 1137 2109 suno
1154 2073 1277 2124 nmquam,
1291 2063 1332 2122 de·

230 2121 306 2173 Voss.
316 2128 341 2173 1.
353 2123 392 2174 cui
402 2125 495 2186 quondo
504 2123 553 2172 sint
567 2123 688 2180 14144114,
699 2122 740 2186 qui
749 2137 775 2173 aa
785 2128 813 2171 ut
824 2124 877 2173 Deo
887 2137 1011 2186 umquem,
1021 2127 1061 2185 dfe.
1080 2125 1155 2173 Voss.
1164 2125 1231 2174 niter
1242 2135 1332 2173 recem

230 2186 298 2236 tier:
314 2185 354 2236 oui
370 2189 461 2250 quaudo
479 2188 530 2236 sint
545 2187 674 2238 ducimus:
691 2189 799 2250 quonium
809 2192 838 2236 ot
850 2189 901 2238 Deo
912 2201 1025 2250 nusquam
1036 2193 1063 2237 ut
1073 2189 1164 2237 numini
1174 2187 1334 2238 niomium.

231 2251 381 2314 Scaligerus
393 2251 462 2314 rnig.
480 2253 578 2310 tuetur,
594 2251 640 2300 sed
657 2252 736 2300 aiiter
747 2251 903 2314 distinguit:
920 2251 1078 2314 cuiqwsdm
1102 2253 1161 2302 Sint
1176 2253 1289 2304 14414444
1305 2255 1332 2302 nt

229 2314 294 2364 Deo·
327 2315 398 2364 Nunc
408 2327 533 2378 nosquam,
542 2317 584 2378 tfo.
611 2315 692 2378 lipsii
703 2321 731 2364 et
743 2315 826 2364 Lirin.
836 2315 940 2364 emend.
956 2315 1081 2365 exhibent
1097 2318 1153 2366 Eis.
1164 2317 1225 2366 Pnt.
1237 2316 1333 2378 Deiptr.

230 2385 259 2428 et
270 2378 371 2430 Hearn.
390 2375 445 2429 Pro
463 2381 513 2430 Deo
525 2379 694 2441 suntnoonj.
712 2380 814 2429 domiuo.
835 2379 904 2429 Vide
915 2380 1127 2430 Nost-Vorr.-t
1145 2381 1256 2442 Gueiph.
1266 2379 1334 2430 1144.

228 2442 298 2494 Seni.
316 2443 387 2494 Gud.
400 2447 461 2492 het
471 2443 545 2494 Vatt.
556 2447 581 2492 ².
590 2447 614 2494 4.
630 2431 775 2508 modestus
788 2447 867 2508 putot,
884 2443 985 2496 omissis
996 2459 1054 2496 voc.
1070 2459 1103 2495 ex
1116 2445 1191 2498 notis.
1208 2445 1334 2498 Quodam

729 2603 837 2658 NOTAE

260 2725 271 2756 ⁸
286 2721 328 2770 Ex
344 2719 396 2784 ipro
411 2718 512 2782 genere]
528 2715 572 2768 Ita
591 2718 764 2770 emendarunt
803 2703 1156 2770 deiiludAEneid.v11.266.
1178 2715 1260 2768 ‘Pars
1271 2711 1333 2767 mriri

228 2796 298 2846 hunc
328 2795 413 2846 ionium
440 2793 544 2858 Lipsius
570 2800 599 2844 et
625 2795 763 2845 Gruterus.
802 2797 875 2859 pacis
886 2796 938 2847 erit
950 2796 1070 2846 dextram
1081 2796 1197 2859 tetigisse
1209 2791 1334 2858 tyranni?

229 2873 325 2930 Sensus
348 2885 409 2920 vero
427 2874 484 2919 est:
504 2869 602 2918 Euhoe
622 2869 763 2932 gratiarum
800 2871 900 2922 Sensim
917 2880 1003 2921 tamen
1023 2871 1088 2921 abiit
1107 2885 1200 2920 nomen
1219 2863 1282 2920 iilud
1304 2869 1332 2918 in

230 2944 389 3009 agendarum
413 2955 510 3008 genere
528 2943 701 3006 intelligetur,
721 2944 765 2992 oui
801 2946 934 3010 iuvidiam,
945 2956 975 2996 ut
991 2947 1134 2998 violentum
1145 2945 1332 2996 dominatorem

230 3012 353 3086 principi,
370 3025 398 3070 et
416 3017 468 3082 quo
485 3025 603 3082 temporo
625 3018 677 3068 sint
697 3023 763 3068 aotae
801 3021 968 3085 significaret.

231 3095 332 3161 gratiae.
378 3095 459 3144 Nullo
472 3093 548 3157 hujus
566 3093 689 3142 orationis
707 3093 764 3143 loco
833 3097 1069 3161 ”Nondednmiffl
1085 3097 1243 3148 suetonius:
1261 3095 1333 3159 ‘Ap-

228 3170 709 3237 ipanusunquamneomdutemur„
736 3167 763 3218 Si
800 3173 965 3237 pollutionem
977 3173 1047 3223 iiinm
1068 3174 1182 3223 odiosam
1201 3171 1333 3235 Augustus

229 3249 386 3313 quistamen
403 3247 477 3307 malit
490 3249 600 3307 textum,
611 3241 653 3294 uti
666 3243 764 3309 legitur
800 3244 954 3297 exhorruit!
996 3245 1130 3298 Sinetians
1143 3247 1259 3295 'liberius
1278 3246 1333 3294 cui·

228 3323 257 3373 in
267 3318 331 3378 'aliis
346 3323 512 3384 editionibus,
529 3323 599 3372 huno
619 3333 764 3385 repraeseo·
800 3322 859 3371 dem
871 3335 899 3372 se
910 3321 1042 3372 domiuum
1055 3321 1159 3371 vocanti
1172 3321 1331 3381 succensuit,

231 3402 276 3446 ro:
295 3395 445 3462 Cuiquondo
460 3397 511 3446 aiut
527 3395 683 3447 insternunt
701 3398 763 3456 Deo,
800 3398 937 3460 vetuitque
956 3413 988 3448 ue
1009 3398 1060 3446 hoc
1080 3397 1205 3462 deinceps
1227 3397 1332 3450 nomine

230 3485 293 3522 nuno
305 3487 418 3538 nusquam
429 3477 456 3524 ut
467 3471 559 3522 numiui
569 3473 726 3522 blandiamur.
801 3473 1011 3537 compellaretur.
1044 3471 1104 3523 Non
1118 3470 1155 3523 ita
1170 3471 1332 3524 verecundus

262 3544 345 3598 ‘Non
366 3549 428 3598 ruint
453 3549 483 3597 de
504 3545 618 3612 munseo]
653 3547 763 3599 Confert
801 3546 852 3598 fuit
872 3549 1043 3605 Domitianus,
1067 3549 1111 3614 qui
1129 3548 1332 3610 ‘dominus,’et,

228 3624 335 3702 Trojuui
351 3623 539 3674 humanitatem
552 3637 611 3672 eum
623 3623 765 3674 Domitiani
800 3624 870 3689 quod
881 3633 1007 3675 extremae
1018 3624 1159 3676 dementias
1172 3623 1334 3686 est‚‘Deus'

229 3702 388 3768 arrogantia.
425 3701 550 3767 ‘Neque
578 3701 646 3751 enim
669 3703 763 3753 bonum
801 3699 928 3765 appellari
948 3702 1039 3750 voluit.
1073 3699 1335 3764 Hunci'rsjenimo·

229 3781 313 3832 virum
325 3775 429 3846 proprie
440 3787 468 3830 et
483 3779 587 3844 copiose
597 3781 696 3830 laudari
707 3781 763 3834 sine
800 3777 921 3840 nostiam,
932 3789 1024 3825 nomen
1037 3775 1100 3824 iliud
1110 3773 1242 3825 ‘domini'
1258 3788 1332 3824 uver-

229 3859 365 3922 virtutom,
386 3869 435 3906 nec
460 3853 605 3919 improbum
625 3857 711 3906 notari
733 3869 763 3924 ac
800 3853 889 3913 santis,
904 3857 980 3902 notat
997 3849 1112 3900 Martini.
1123 3865 1151 3900 x.
1164 3855 1205 3900 ⁷2.
1237 3845 1333 3901 ‘Frus-

229 3933 374 3998 vituperari
393 3933 447 3982 sine
470 3933 589 3980 vitiorum
615 3933 763 3996 cognitione
800 3937 849 3991 tro,
862 3928 1003 3984 blanditia,
1015 3927 1110 3976 venitis
1120 3927 1152 3976 ad
1165 3941 1214 3988 me,
1224 3926 1331 3978 Attritis

230 4009 292 4057 satis
308 4009 443 4070 insiguiter
455 4014 531 4072 utque
552 4020 646 4069 aspere
665 4007 762 4069 posse,’
799 4003 960 4055 miserabiles
971 4002 1089 4051 tabellis:
1112 4001 1237 4052 Dicturus
1249 4003 1331 4052 donii-

230 4087 343 4132 testatur
355 4085 446 4133 Cicero
457 4083 490 4133 de
503 4082 692 4132 otomanus.
712 4083 761 4148 Ty·
798 4095 868 4137 num,
886 4077 1023 4140 Deumque
1042 4091 1095 4127 non
1112 4091 1184 4128 som:
1207 4078 1267 4128 Jam
1278 4093 1337 4128 uon

229 4156 301 4206 roasi
312 4163 398 4208 sutem
407 4173 457 4209 vox
467 4159 492 4208 in
502 4157 594 4210 bonnm
607 4165 707 4222 purtem
719 4173 761 4209 ac·
799 4163 840 4207 est
851 4157 920 4205 iocus
930 4154 979 4203 lunc
990 4153 1016 4202 in
1027 4152 1090 4202 urbe
1106 4152 1188 4217 vobis,
1209 4149 1269 4205 Non
1290 4159 1334 4205 est

229 4231 374 4299 cipiebatur
385 4247 432 4298 pro
444 4247 608 4301 quocumque
619 4247 691 4300 repe.
706 4235 762 4286 Uo·
798 4233 841 4285 iric
851 4231 978 4288 dominus,
989 4229 1034 4281 sed
1044 4228 1206 4296 imperoton'
