3100 4854
222 339 290 408 12⁴
728 353 819 404 vura

226 498 323 564 ducis
344 502 379 562 et
403 495 559 579 praesidis
573 495 638 562 sui.
683 497 739 564 Ita
763 495 954 564 Salmasius
969 495 1118 580 explicat
1132 496 1206 562 bmc
1220 497 1323 581 Spar·
1368 483 1372 490 ⁴

224 601 308 666 tiani
321 600 363 663 de
379 597 555 667 Hadriano
571 597 693 664 verba:
716 599 887 681 ‘Trajano
908 618 930 663 a
956 598 1070 670 Nerva
1084 599 1262 683 adoptato,
1278 599 1323 668 ad

222 699 475 785 gratulationem
492 701 662 765 exercitus
676 701 810 776 missus,
830 701 864 764 iu
884 697 1098 766 Germaniam
1118 700 1323 783 superiorem

222 801 401 867 translatus
416 799 489 867 est!
532 799 755 866 Gasaubonur
770 800 914 864 verusio
929 801 1173 884 intorpretatur,
1187 810 1227 865 ut
1249 801 1323 868 Ha-

222 903 371 984 drianus,
382 909 525 986 accepto
536 903 569 965 in
579 902 708 968 Moesia
721 902 912 987 adoptionis
920 900 1059 985 Trajani
1071 902 1198 980 nuntio,
1212 904 1323 969 statim

223 1007 268 1070 ab
291 1006 367 1088 ipso
383 1004 536 1089 praeside,
554 1005 608 1070 vel
623 1006 666 1069 ab
681 1006 759 1089 ipso
775 1005 925 1074 exercitu
947 1003 1072 1070 missus
1096 1005 1140 1071 sit
1163 1004 1322 1082 Romam,

223 1107 282 1191 qui
298 1106 369 1170 seui
383 1106 572 1187 imperatori
595 1124 796 1196 consensum
818 1111 853 1170 et
875 1107 1131 1188 gratulationem
1149 1106 1322 1169 exercitus

224 1207 378 1271 deferret.
422 1206 490 1273 Ubi
507 1214 679 1290 potestate
700 1227 721 1272 a
736 1207 855 1272 Nerva
870 1208 936 1291 ipsi
952 1208 1043 1272 facta
1058 1208 1092 1270 iu
1107 1205 1324 1272 Germaniam

222 1309 440 1391 superiorem,
463 1329 531 1392 quo
553 1308 696 1394 propius
711 1328 732 1374 a
746 1307 897 1390 Trajauo
919 1309 1063 1384 abesset,
1087 1325 1161 1374 sese
1183 1305 1323 1372 transse-

224 1411 332 1488 reudi,
349 1410 410 1476 vix
424 1431 466 1476 eo
482 1416 693 1494 pervenerat,
709 1430 784 1475 cum
801 1411 844 1474 de
858 1415 963 1476 morte
976 1409 1101 1476 Nervae
1118 1408 1227 1474 audit.
1256 1407 1322 1490 Igi-

223 1520 279 1576 tur
294 1513 411 1578 itiuere
433 1514 547 1578 statim
568 1514 604 1577 iu
626 1513 819 1577 inferiorem
842 1503 1056 1578 Germaniam
1078 1509 1121 1576 ad
1142 1509 1324 1592 Trajanum

222 1633 396 1691 converso,
419 1615 560 1696 gratiam
583 1621 775 1696 aucupatus
797 1613 871 1676 laeti
893 1612 980 1679 adeo
1002 1611 1120 1688 nuntii,
1141 1611 1323 1694 Trajanum

224 1714 353 1779 invenit
367 1715 458 1799 apud
475 1715 697 1799 Agrippinam
717 1713 908 1790 Coloniam,
929 1713 987 1776 ubi
1008 1713 1203 1796 suscepisse
1218 1713 1324 1795 impo-

222 1815 308 1880 rium
321 1818 412 1902 apud
428 1816 603 1882 Victorem
615 1819 766 1902 aliosque
782 1823 937 1881 auctores
952 1815 1087 1882 dicitur.

353 1999 421 2067 Au.
433 1999 478 2066 U.
493 2000 533 2066 C.
550 2019 698 2066 nocent.
722 2001 801 2067 Chr.
819 2016 957 2066 xovrrr.
979 1999 1106 2067 Nervae
1124 2015 1180 2062 111.

636 2104 777 2189 Trajaui
796 2120 906 2168 xum.

268 2232 438 2308 Traianus
455 2234 492 2299 fit
516 2236 636 2300 consul
669 2238 864 2312 secundum,
882 2236 999 2302 Nerva
1025 2237 1164 2318 collega.
1201 2234 1325 2300 *Nerva

226 2342 340 2400 autem
356 2343 484 2401 mortuo
501 2354 550 2401 vr.
571 2337 650 2401 Kal.
665 2339 746 2403 Feb.
762 2340 857 2404 solus
876 2339 1022 2422 imperat
1042 2337 1219 2422 Trajanus.
1266 2337 1325 2402 tt·

223 2457 291 2521 que
314 2436 392 2502 iude
420 2440 493 2525 ejus
524 2439 654 2522 imperii
680 2442 757 2505 anni
781 2449 1007 2519 numerantur,
1037 2460 1115 2505 cum
1145 2440 1325 2504 tribunitiae

224 2541 404 2623 potestatis
425 2547 557 2624 tempus
584 2557 707 2605 axrv.
737 2541 818 2607 Kal.
847 2542 1009 2607 Octobris
1032 2543 1110 2606 anni
1140 2541 1324 2624 superioris

224 2651 447 2709 numerentur.
491 2641 606 2728 Atque
627 2645 803 2728 imperium
826 2645 961 2728 quidem
989 2643 1187 2726 auspicatus
1211 2651 1263 2706 est
1286 2643 1326 2706 il-

224 2745 322 2809 lustri
345 2747 502 2829 exemplo
516 2752 551 2810 et
565 2747 699 2830 pietatis
720 2747 755 2810 in
780 2745 814 2809 N
816 2766 940 2824 eruam,
965 2765 1063 2828 quem
1079 2746 1189 2809 statim
1204 2762 1325 2808 conse-

225 2847 314 2912 crari
331 2855 557 2928 personatum
572 2847 687 2922 voluit,
703 2853 738 2910 et
755 2847 932 2928 singularis
947 2846 1164 2911 humanitatis
1178 2845 1213 2908 in
1227 2863 1323 2908 seua»

223 2951 308 3022 tum,
331 2946 375 3011 ad
396 2966 498 3028 quem
522 2947 667 3029 scripsit,
691 2967 729 3012 se
751 2948 880 3012 nullum
900 2949 1008 3012 virum
1023 2950 1148 3012 bonum
1163 2965 1244 3011 nece
1264 2953 1326 3011 aut

224 3048 409 3130 ignominia
433 3049 635 3124 affectorum,
656 3051 705 3115 uti
718 3053 831 3132 reipsa
847 3049 1017 3133 praestitit,
1040 3048 1127 3114 Pan.
1142 3069 1217 3132 cap.
1236 3063 1324 3112 uvrr.

224 3151 459 3218 ‘Secundum'
482 3153 692 3218 consulatum
717 3153 925 3236 ‘imperator
944 3151 1088 3237 quidem,
1104 3152 1165 3215 sub
1179 3152 1326 3233 impera·

225 3260 298 3318 tore
313 3261 422 3319 tamen
436 3254 551 3319 inisti!

370 3433 436 3500 An.
450 3434 495 3500 U.
508 3435 548 3501 (l.
566 3453 732 3504 unocurt.
756 3437 833 3502 Chr.
851 3453 964 3504 xcix.
985 3436 1124 3523 Trajani
1142 3451 1181 3501 rr.

659 3539 770 3604 AEtat.
786 3556 879 3605 xcv.

148 3661 151 3667 '
268 3649 417 3718 Tertium
441 3654 659 3719 consulatum
690 3664 825 3724 recusat
850 3658 937 3724 Pan.
961 3677 992 3722 c.
1012 3673 1086 3723 cvr.
1109 3657 1326 3724 ‘Secundum

225 3764 440 3828 consulatum
456 3764 621 3847 recepisti,
637 3767 717 3850 quia
731 3769 890 3853 princeps
907 3773 941 3833 et
956 3773 1048 3852 pater
1063 3767 1248 3834 deserebat.
1280 3768 1328 3832 At

226 3870 408 3949 postquam
425 3865 468 3930 ad
484 3872 518 3931 te
535 3867 665 3950 imperii
682 3889 859 3947 summam,
881 3875 1004 3934 etcum
1032 3871 1181 3932 omnium
1206 3888 1325 3945 rerum,

226 3972 296 4030 turn
312 3969 413 4032 etiam
429 3968 477 4033 tui
495 3975 699 4051 potestatem
716 3970 774 4034 Dii
788 3971 1021 4046 transtulerint,
1046 3973 1179 4035 tertium
1205 3992 1328 4036 consu-

228 4059 333 4131 latum
348 4071 524 4150 recusasti,
538 4090 615 4135 cum
630 4090 730 4154 agere
752 4077 820 4138 tarn
846 4075 969 4138 bonurn
997 4073 1168 4138 consulem
1185 4075 1327 4157 posses.¹

227 4163 274 4232 Et
288 4187 389 4231 mox:
415 4176 425 4206 ‘
442 4172 522 4237 Hoc
538 4191 619 4255 ergo
633 4171 759 4238 honore
775 4175 915 4258 privatis
930 4174 1087 4240 cessisti!
1116 4174 1235 4259 Itaque
1247 4195 1328 4240 con-

227 4276 419 4338 tremorem
435 4279 620 4340 ceterorum
634 4275 884 4361 imperatorum,
899 4276 1027 4343 ‘altero
1038 4293 1127 4344 auno
1140 4277 1183 4343 ab
1194 4277 1329 4362 imperii
