3088 4848
543 394 824 444 nsrnernrous.
869 395 892 442 ι.
914 380 966 444 es.
1238 381 1303 447 297

210 539 315 610 serisl
330 547 367 606 tu
384 538 501 604 honori
516 543 575 602 tuo
591 545 729 620 sperata
744 537 911 618 suffragia,
923 538 1166 622 renuntiarique
1180 549 1212 606 te.
1225 561 1303 606 con·-

212 643 319 708 snlem
337 642 483 726 jussisse
502 646 688 714 contentus,
714 639 826 704 liberae
847 638 985 706 ¹civitatis
1000 659 1040 702 ne
1057 641 1304 710 simulationem

211 743 345 826 quidem
360 743 499 807 servasi
523 739 706 804 Abstineas
729 740 870 824 denique
890 742 1047 818 sentitiis,
1062 743 1239 808 abstrusus
1255 755 1302 812 at·

212 863 277 926 que
287 845 435 920 abditus,
452 843 550 926 quasi
563 843 632 907 illie
648 843 709 912 tibi
723 862 789 906 nou
801 848 998 908 consolatus
1012 843 1117 918 detur,
1131 843 1190 907 sed
1206 846 1306 910 abre-t

212 952 307 1030 getur
321 946 520 1028 imperiuml
554 947 586 1008 6.
602 944 692 1010 Haeo
707 946 884 1028 persuasio
895 943 1146 1028 superbissimis
1162 945 1304 1014 dominis

213 1053 294 1125 erat,
320 1053 358 1112 ut
385 1048 449 1114 sibi
477 1047 665 1112 viderentur
690 1047 860 1130 principes
879 1067 958 1116 ,esse
981 1047 1143 1132 desinere,
1170 1047 1305 1131 siquid

211 1147 370 1226 iacerent,
399 1155 558 1232 tauquam
589 1155 770 1212 senatores.
815 1148 970 1232 Plerique
1001 1155 1112 1214 tamen
1142 1167 1209 1216 nou
1238 1155 1306 1216 tani

212 1251 380 1332 superbia,
404 1271 504 1334 quam
534 1259 627 1315 metu
647 1250 806 1334 quodam,
837 1251 1143 1316 summovebantur.
1195 1254 1228 1316 7.
1249 1249 1306 1316 An

212 1348 416 1434 stuprorumi
442 1353 506 1416 sibi
528 1353 796 1435 incestarumque
812 1353 960 1417 nostium
977 1352 1120 1428 consoii,
1135 1349 1306 1435 suspiciat

212 1452 371 1534 polluere,
389 1449 647 1536 sacratumque*
661 1473 817 1536 campum
833 1453 1134 1518 aesarioauderent
1147 1453 1306 1520 contami-

212 1572 290 1618 nare
305 1554 476 1636 vestigio?
510 1553 589 1620 Non
604 1555 689 1620 adeo
712 1554 805 1626 Deos
827 1555 1042 1637 hominesque
1056 1559 1307 1642 contemserunt,

212 1661 251 1718 ut
264 1655 298 1728 iu
309 1656 366 1720 illa
380 1653 652 1738 speciosissima¹
664 1656 744 1720 sede
756 1656 925 1721 hominum
943 1657 1158 1738 Deorumque
1173 1657 1307 1739 conjec-

213 1759 264 1820 tos
279 1756 312 1819 in
330 1776 367 1820 se
381 1758 496 1821 oculos
511 1759 593 1822 serre
604 1779 644 1822 ao
659 1760 786 1842 perpeti
802 1763 952 1840 possent.
995 1758 1028 1822 8.
1050 1757 1130 1821 Tibi
1146 1764 1261 1820 eontra
1273 1762 1307 1823 et

210 1857 393 1925 moderatio
417 1866 475 1923 tua
495 1859 615 1936 suasit,
637 1866 671 1922 et
693 1860 866 1937 sanctitas,
883 1865 918 1924 ut
940 1865 984 1937 te,
1001 1866 1035 1924 et
1049 1858 1201 1940 religioni
1217 1858 1307 1922 Deo-

214 2136 321 2202 Cnspiu.
335 2136 367 2185 R.
376 2135 558 2186 dirimente-5
577 2135 641 2186 Cod.
652 2138 744 2187 Patar.
756 2138 932 2201 renuntia-ique
943 2143 967 2188 te
977 2139 1070 2188 consule
1080 2135 1103 2198 j.
1121 2153 1142 2186 a.
1160 2136 1240 2188 libere
1250 2137 1309 2188 civi·

213 2203 269 2251 tati.
294 2201 459 2264 ‘cuspiniani
472 2200 601 2265 ediderat,
614 2202 692 2251 liberor
705 2202 798 2252 ciuitati
810 2219 838 2252 ne
852 2204 1000 2252 simulatione
1015 2205 1107 2265 quidem
1121 2203 1218 2252 amotas.
1252 2204 1310 2252 Ma·

214 2267 251 2326 gia
262 2265 335 2315 nubis
349 2267 433 2328 placet
446 2279 476 2312 ea
487 2265 573 2323 lectio,
584 2282 641 2329 quae
654 2268 679 2316 in
692 2269 781 2316 codice
792 2270 841 2318 Ma.
854 2268 1093 2330 Guetplrerbytano‚
1102 2273 1129 2316 et
1141 2269 1221 2316 altero
1230 2266 1309 2317 Grarlii
1409 2315 1411 2320 ,

212 2330 289 2385 libro,
301 2329 530 2380 animaduertitur:
544 2331 623 2379 liberte
633 2332 738 2380 civitatis
748 2349 776 2382 ue
786 2333 957 2380 simulationem
969 2331 1061 2394 quidem
1071 2337 1166 2381 serves?
1183 2333 1240 2382 Quo
1254 2331 1310 2380 loco

213 2394 333 2443 simulatio
345 2395 447 2444 ridetur
459 2401 549 2444 notare
560 2397 721 2456 simulacrum,
738 2411 785 2445 seu
804 2397 983 2445 similitudinem
991 2412 1001 2456 ,·
1020 2406 1095 2458 proiit
1111 2396 1158 2444 liae
1173 2411 1236 2444 voce
1249 2411 1309 2444 usus

214 2458 305 2508 Cicero
316 2459 348 2508 de
362 2457 416 2508 ita.
431 2473 461 2508 ιι.
471 2463 511 2508 22.
522 2459 530 2485 ‘
541 2459 600 2521 lta,'
617 2461 707 2522 lnquit,
719 2463 727 2488 ‘
738 2475 784 2520 pro
798 2475 857 2508 vera
868 2470 991 2523 certaque
1006 2461 1109 2520 justitia
1120 2460 1309 2509 simulationem

214 2522 402 2586 nobisjuatitim
415 2521 535 2571 traditis:
558 2523 626 2570 Item
639 2532 665 2570 et
679 2525 779 2571 Plinius
794 2524 859 2571 llisr.
869 2525 933 2571 Nat.
944 2537 984 2571 ιιι.
996 2526 1038 2570 tt.
1049 2523 1201 2571 ‘simiarum
1214 2537 1311 2584 genera

233 2585 358 2636 erfeetam
370 2586 480 2635 bominis
497 2586 683 2634 simulationem
703 2587 846 2641 continent,
867 2585 942 2640 facie,
961 2585 1076 2646 naribus,
1093 2586 1205 2642 auribus,
1222 2589 1310 2648 palpa·

213 2601 286 2700 Eris!
319 2651 470 2712 Quanquam
482 2649 523 2697 lriu
535 2651 649 2715 nonnulli
662 2651 830 2707 recentiores,
841 2652 928 2698 nescio
939 2663 971 2697 ao
982 2649 1045 2697 satir
1061 2648 1154 2698 idoneo
1165 2650 1311 2700 testimonis

215 2713 388 2777 antiquitatis,
406 2711 569 2776 prodiderint
582 2713 785 2762 ‘imitationem’
818 2714 861 2762 Sic
881 2727 942 2762 vero
960 2726 1010 2761 ιιοιι
1028 2725 1136 2760 neeesse
1148 2717 1198 2775 est,
1215 2719 1244 2762 ut
1256 2715 1312 2762 loeo

215 2777 344 2838 Pliniano‚
356 2791 414 2825 eum
426 2777 609 2839 Christopboro
621 2777 726 2838 Bebrio,
739 2777 812 2826 nimia
830 2777 909 2824 libere
922 2774 1109 2824 rescribamus:
1127 2775 1207 2824 libere
1218 2778 1313 2832 ciuitati

213 2857 242 2890 ss
254 2841 426 2890 maculationem
434 2839 528 2902 quidem
538 2840 657 2888 libertatis
665 2853 743 2888 sermea
751 2838 771 2890 Τ
789 2839 919 2888 Schuetz.
935 2839 1093 2886 ‘Aduerseris
1109 2837 1224 2902 Guelpla.
1259 2841 1311 2890 Pru

214 2910 310 2969 sperata
321 2905 469 2968 conjecerat
478 2905 626 2953 Perizonius
638 2905 662 2952 in
675 2919 720 2952 ora
732 2903 828 2953 codicis
845 2905 882 2951 sui
902 2908 996 2967 paratu.
1029 2902 1081 2952 Sed
1094 2904 1162 2952 nulla
1177 2919 1255 2952 carisa
1267 2921 1313 2968 ap·

217 2978 300 3032 paret,
312 2984 359 3019 eur
369 2977 502 3032 receptum
514 2969 576 3017 illud
590 2969 747 3017 damnemus.
783 2968 941 3016 civitatisex
963 2975 1097 3030 praeopto
1114 2968 1252 3018 Schwaraii
1272 2985 1314 3020 re·

215 3035 383 3096 seperatjam
394 3032 544 3083 Gesnerus.’
553 3033 645 3082 Arata·
664 3033 731 3082 Vide
745 3034 820 3082 Nott.
831 3033 958 3081 Vara-6
970 3033 1063 3080 Venet.
1074 3037 1097 3081 1.
1108 3038 1135 3080 ut
1145 3033 1167 3081 si
1177 3035 1313 3084 stramem

203 3095 207 3100 '
215 3099 340 3162 principes,
356 3099 489 3148 desiderent
506 3111 563 3158 esse,
583 3097 605 3146 si
622 3099 678 3160 quid
689 3101 808 3157 furerent,
825 3101 915 3154 tra—⁷
934 3097 1028 3144 Patav.
1045 3101 1208 3158 sacratumque
1225 3113 1312 3158 cumpo.

218 3163 291 3227 Mur,
302 3164 329 3212 in
340 3163 432 3228 eodem
443 3161 503 3212 cod.
514 3167 541 3210 ut
553 3162 595 3211 illa
605 3161 776 3226 speciosissima
787 3163 850 3222 sede.
882 3159 949 3208 Vide
961 3160 1038 3208 Nott.
1050 3160 1176 3209 Vara-8
1184 3159 1249 3210 Cod.
1262 3163 1312 3211 Pa·

712 3303 822 3354 NOTAE

197 3425 203 3432 ·
248 3403 262 3438 ¹
278 3401 414 3464 Auerserir]
436 3403 575 3454 Sententia
594 3409 651 3452 est:
668 3402 745 3452 itane
786 3415 871 3451 rorum
883 3401 1077 3466 imperatorum,
1088 3399 1150 3450 satis
1165 3401 1263 3464 prolixe
1274 3413 1313 3452 re·

219 3493 285 3529 uuus
300 3494 333 3528 ex
350 3479 401 3529 illis
417 3478 496 3540 fores,
513 3480 556 3543 qni
571 3479 745 3542 dedignabau·
786 3478 855 3528 ferat
867 3479 1012 3528 Stratonios.

219 3562 263 3606 tur
282 3557 339 3618 ipsa
357 3553 491 3619 suffragia,
508 3558 601 3621 qrribus
619 3557 666 3604 sibi
686 3570 746 3604 con·
817 3555 969 3620 tAaspirr'a]
986 3555 1105 3612 Comitia,
1121 3561 1151 3606 ut
1167 3555 1217 3604 alia
1231 3553 1313 3606 ferma

210 3629 352 3680 ¹l'srebstur
378 3632 536 3686 consulatus,
569 3640 596 3680 et
630 3631 747 3680 contenti
786 3632 894 3695 alicujus
912 3631 1036 3681 momenti
1060 3631 1175 3692 negotia,
1196 3643 1246 3677 non
1268 3628 1316 3677 ulsi

220 3705 378 3770 praecepisse
394 3713 423 3754 ot
438 3707 555 3754 cunsrrles
572 3707 748 3754 renuntiaren-
788 3708 900 3770 captatis
924 3709 994 3768 prius
1017 3705 1141 3768 auspiciis
1163 3703 1315 3766 agebantur·

220 3787 272 3838 tar,
283 3795 315 3830 ua
331 3783 356 3829 id
377 3780 480 3844 quidem
497 3794 544 3843 pro
557 3791 665 3843 accepto
676 3791 749 3832 tanto
787 3783 873 3843 Sarpra
885 3795 942 3842 asp.
957 3795 974 3828 ι.

219 3861 318 3908 bonore
344 3857 438 3919 populo
458 3856 610 3916 senatuique
626 3857 750 3918 repende·
820 3854 1032 3920 ΙΙδιιενιιιιιιιιςιιε]
1057 3854 1149 3912 Marti,
1169 3851 1279 3908 fortasse
1301 3869 1318 3904 a

207 3933 296 3993 baut,
315 3937 345 3978 ot
364 3943 453 3978 eorum
473 3929 595 3979 aduersus
617 3945 645 3977 se
664 3931 750 3981 studia
791 3931 909 3982 Romrrlo.

221 4021 273 4058 nou
285 4007 386 4068 ingrata
398 4005 445 4054 ribi
457 4018 513 4054 asse
522 4005 685 4054 siraulareotl
822 4007 829 4042 ¹
845 4006 1024 4070 Speciorissima
1051 4003 1246 4069 [spatiosissima]
1266 4004 1318 4056 Hie

255 4083 264 4118 ¹
287 4081 440 4145 Stuprsnrm]
461 4080 551 4129 Caium
575 4089 602 4130 et
621 4080 748 4130 Domitia·
789 4085 857 4136 enirn
866 4090 893 4133 et
903 4083 1017 4132 Deorum
1026 4079 1171 4130 delubraet
1180 4081 1319 4142 multorum

222 4165 378 4221 nurauotat,
389 4170 496 4223 quorum
509 4156 652 4209 referendis
666 4158 748 4208 libidi·
789 4158 928 4209 illustrium
952 4158 1064 4208 rirorum
1086 4163 1161 4208 erant
1186 4157 1320 4218 imagines.

223 4238 298 4289 uibar
309 4235 435 4294 abstineo,
446 4247 503 4284 rum
521 4245 574 4298 ess,
594 4241 622 4283 ot
637 4241 664 4283 et
679 4239 749 4284 esta·
790 4235 876 4290 Quare
887 4247 1006 4316 eampum
1018 4232 1098 4290 illum,
1114 4233 1183 4299 quod
1195 4235 1274 4288 etlam
1286 4235 1323 4310 sit
