3050 4842
456 412 508 460 an
531 410 812 462 sunnovescnu
837 413 973 464 resurr.
1092 475 1095 482 .
1199 401 1263 467 tlt

158 557 253 602 serum
271 553 441 614 paternarum
459 549 667 618 coenosaeque
686 555 836 619 quicquam,
853 568 884 604 eo
902 560 1015 616 urortno,
1028 554 1213 619 acquisiverint
1231 557 1265 606 de

158 643 243 689 :sverm
253 643 332 693 aravo
343 636 373 680 et
389 631 526 681 molestum
535 646 593 682 esse
604 634 695 683 soleat.
727 634 784 684 Etsi
797 647 856 683 vero
869 647 918 682 nors
931 648 1020 696 perum
1036 636 1202 684 emolumenti
1209 637 1266 699 jem

164 709 306 761 obvenerat
325 711 423 773 populo
443 709 560 761 Romanu
572 726 604 761 ex
617 712 791 773 vectigalibus
808 727 939 777 agrorum,
957 727 1122 776 pascuorum,
1134 721 1267 777 portuum,

160 789 326 852 almumque
338 803 423 840 verum
433 805 441 851 ς
453 805 511 840 cusu
523 799 611 842 tamen
623 792 649 840 id
661 807 713 842 non
725 791 858 844 sufficeret
868 792 1003 853 sumtibus,
1013 793 1107 857 quibus
1119 795 1267 858 reipublice

160 875 225 922 ,erat
233 867 366 930 obnoxis3
377 870 436 920 irinc
447 885 515 920 nova
525 871 666 920 identidem
678 873 845 936 vectigalium
858 873 1062 936 tribulorumque
1072 886 1169 934 genere
1181 888 1195 921 a
1209 888 1268 936 prof

167 948 271 1012 ceribus
284 949 494 1014 principibusque
506 957 567 1000 sunt
579 951 784 1014 excogitatum
796 951 889 1015 quibua
901 951 1021 1000 vicesima
1031 952 1267 1015 manumissionum,

166 1033 195 1078 et
207 1028 333 1080 vicesima
341 1029 521 1081 hereditatum
533 1032 644 1080 maxime
655 1029 864 1080 celebrabantur.
890 1030 968 1082 Quod
978 1030 1010 1080 ed
1022 1031 1169 1080 vicesimam
1180 1045 1268 1082 menn·

161 1107 318 1160 -snisstouum
337 1111 443 1168 attinet,
463 1112 519 1173 ejus
536 1112 610 1174 origo
624 1111 739 1160 refertur
750 1110 782 1160 ed
794 1112 843 1161 Cn.
855 1112 981 1161 Manlium
992 1112 1135 1168 consulem,
1146 1113 1189 1175 qssi
1201 1125 1269 1162 anno

158 1188 202 1239 .U.
215 1188 245 1237 C.
257 1192 314 1238 896.
329 1199 489 1240 memorante
501 1191 574 1240 Livio
586 1204 638 1240 ιιι.
650 1196 693 1241 ln.
705 1192 789 1254 legem
807 1192 867 1240 tnlit
879 1189 912 1240 dc
925 1191 1047 1241 vicesimo
1058 1205 1147 1242 eorum
1161 1191 1202 1255 qni
1215 1204 1269 1240 uss-

167 1267 383 1330 admitterentur,
401 1270 469 1320 uude
480 1269 548 1320 band
560 1285 668 1333 perenm
679 1271 793 1330 vectigal
804 1271 875 1334 inopi
886 1269 979 1320 erario
989 1269 1040 1320 luit
1051 1271 1159 1320 illatum.
1190 1270 1268 1323 Quod

160 1347 285 1410 ,uectigal
294 1362 343 1411 pro
353 1348 478 1400 libertate
488 1343 638 1412 impetrata,
649 1365 709 1400 cum
721 1347 833 1415 antiquis
845 1351 1004 1414 temporibus
1016 1364 1080 1399 auro
1088 1350 1154 1399 solui
1164 1351 1269 1400 solitum

159 1423 258 1488 Insui,
270 1426 332 1476 iude
342 1428 424 1478 audiit
432 1431 442 1457 ⁴
451 1442 539 1478 surum
552 1429 749 1492 vicesisnarum,'
761 1429 829 1494 quod
841 1431 868 1478 iu
879 1429 984 1480 Sstsrrni
999 1431 1089 1478 serario
1101 1429 1134 1478 ed
1147 1429 1269 1492 reipubli-

155 1518 207 1564 ⁴oss
217 1507 400 1564 nemorosam
410 1509 572 1570 servabatar,
582 1517 651 1559 teste
663 1510 738 1560 Livio
750 1523 843 1560 xxvrv.
856 1514 895 1559 to.
920 1509 1023 1560 Plinius
1035 1516 1123 1558 antem
1135 1509 1176 1558 bic
1188 1509 1270 1572 loqui-

161 1592 218 1642 tur¹
230 1586 266 1636 de
283 1587 407 1636 vicesima
424 1587 614 1645 haereditatum,
632 1589 708 1652 cujus
726 1590 851 1645 rationes,
869 1596 966 1653 preter
981 1597 1090 1651 ceteros,
1102 1591 1220 1652 exposuit
1232 1589 1271 1638 eir

160 1665 365 1727 ‚celeberrimum
381 1668 478 1717 Petrus
494 1669 655 1719 Burmannus
673 1670 699 1718 irs
712 1670 828 1720 Dissert.
846 1671 879 1720 de
896 1669 1078 1734 Vectigalibus
1089 1669 1183 1732 Populi
1195 1670 1272 1718 Rom.

166 1759 227 1808 cap.
239 1750 279 1795 11.
309 1746 426 1804 Scilicet,
441 1761 499 1796 cum
519 1747 661 1812 Augustus,
673 1757 741 1800 teste
753 1750 838 1800 Ilione
850 1752 867 1800 1.
879 1765 922 1800 ιν.
934 1754 1063 1813 μιμοῦ.
1075 1751 1193 1798 aerarium
1206 1749 1272 1800 mili·

160 1831 227 1876 ‚tare
239 1825 272 1874 sd
283 1825 415 1889 stipendia
430 1827 556 1879 militibus
566 1829 692 1879 solvenda
701 1829 836 1891 conderet,
852 1830 886 1879 Α.
896 1831 930 1879 U.
941 1832 972 1879 C.
983 1834 1042 1880 lob.
1059 1831 1112 1878 late
1122 1829 1180 1892 lege
1190 1829 1272 1889 lutis,

160 1905 294 1962 instituit,
305 1913 335 1956 nt
350 1921 384 1956 ea
394 1906 602 1970 hereditatibus,
618 1915 647 1956 et
661 1908 763 1971 legatis,
782 1909 836 1958 sire
848 1907 1040 1964 donationibus,
1055 1923 1121 1972 quas
1132 1907 1271 1958 morientes

161 1985 323 2050 quibasdam
340 1986 509 2048 reliquerant,
526 1987 649 2036 vicesima
660 2002 730 2050 pers,
743 1988 769 2036 b.
782 2003 808 2038 e.
819 2003 854 2038 ex
864 1989 980 2039 contenit
990 1987 1098 2038 nummis
1109 1987 1232 2051 qssinque,
1243 1987 1271 2036 in

162 2064 240 2126 ‚istud
253 2066 372 2115 erarium
392 2063 564 2116 reserrentur.
597 2066 672 2120 stod
691 2080 784 2126 novum
805 2082 871 2118 orsus
888 2083 921 2117 ne
932 2067 1096 2117 intolerabile
1108 2066 1232 2129 subjectis
1243 2072 1273 2114 at

161 2144 295 2207 injustum
307 2145 449 2206 videretur,
461 2144 561 2197 duabus
571 2146 769 2210 exceptionibus
779 2147 901 2210 adiectis,
910 2145 1076 2198 hereditates
1084 2160 1141 2194 curn
1154 2144 1273 2208 proxime

169 2232 335 2286 apostorum,
348 2231 403 2273 tum
414 2225 543 2276 bominum
564 2239 717 2288 pauperum,
728 2227 761 2276 ab
773 2226 821 2276 boc
834 2227 956 2290 vectigali
975 2226 1100 2276 immunes
1116 2239 1173 2278 esve
1191 2224 1274 2273 voluit

164 2289 323 2365 Augustus}
340 2302 370 2358 io,
378 2303 446 2365 quod
460 2302 600 2358 Dionloco
612 2305 689 2352 modo
700 2307 816 2352 excitato
828 2313 1032 2352 commemorate
1051 2304 1216 2360 rhaehoaahs
1225 2306 1274 2352 τῶν

163 2399 201 2440 ‚ee
211 2379 364 2446 stipamsl
374 2385 423 2432 rsiv
433 2385 532 2447 lepesin
543 2380 571 2432 br
581 2381 612 2432 be
621 2382 648 2444 ol¹
658 2381 818 2432 enemente
833 2398 891 2445 τισι,
902 2381 967 2440 πλὴν
980 2384 1029 2430 τᾶν
1038 2380 1100 2430 πάνυ
1114 2385 1247 2446 συγγενῶν,
1257 2382 1274 2440 ἡ

162 2461 215 2518 -ssssl
222 2463 330 2521 ambros
343 2463 513 2522 aerumma,
530 2463 703 2523 κιιεστήσιιτο.
740 2464 881 2512 Vicesimum
889 2468 914 2511 at
924 2464 950 2510 in
960 2461 1150 2521 haereditatibus,
1160 2467 1184 2510 et
1195 2465 1222 2510 s'a
1232 2464 1274 2510 slo-
1310 2465 1314 2471 ’

162 2543 317 2606 ,nemmem
326 2559 383 2608 pssos
393 2545 520 2594 amicales
528 2544 675 2607 prvibsssdeas,
692 2543 798 2604 exceptis
812 2543 882 2604 pinne
896 2541 1026 2600 conjunctis
1045 2542 1169 2602 sanguiue,
1180 2545 1203 2589 et
1215 2555 1273 2601 pesv-

168 2625 266 2688 peribas
274 2625 447 2688 rsbapsebnat,
457 2625 591 2674 constituit.
608 2624 663 2671 Per
672 2619 735 2670 advo
745 2624 879 2683 σινγγινιῖς,
888 2622 943 2670 sive
949 2620 1060 2683 promisse
1069 2624 1180 2680 egrotos,
1188 2619 1274 2683 desig·

170 2706 247 2756 navit
265 2705 365 2770 eosqtu
380 2706 413 2755 ab
432 2708 559 2755 intestato
569 2703 603 2752 ad
614 2702 796 2752 hereditatem
816 2701 953 2766 pervenire
969 2707 1127 2763 potueusnr;
1139 2712 1203 2763 quos
1219 2700 1274 2750 Pli-

171 2785 231 2835 nius
248 2784 423 2834 ‘domesticos
440 2783 573 2839 baescdes,'
588 2783 632 2832 alii
649 2780 842 2831 ‘necessarios'
859 2781 973 2830 et‘suos
984 2777 1115 2828 lsaeredes’
1131 2779 1274 2842 appellent.

172 2865 354 2913 Bormannnsa
370 2863 486 2912 ‘Procul
505 2860 604 2918 dnbio,'
618 2862 712 2926 inquit,
732 2867 797 2924 ‘per
813 2861 859 2911 bos
869 2859 932 2910 essu
948 2860 1074 2921 σνγγινεῖι
1092 2858 1226 2922 Augustus
1237 2860 1275 2909 irs-

170 2944 275 2994 tellesit
286 2957 375 2994 omnes
385 2942 452 3003 illos,
462 2942 506 3005 qui
515 2942 547 2990 ab
559 2942 685 2990 intestato
697 2939 729 2988 ad
742 2940 923 2990 hereditatem
936 2939 1075 3002 pervenire
1091 2947 1213 3002 possent:
1231 2939 1276 3003 qsri

172 3031 262 3073 antem
275 3037 308 3072 ex
320 3024 377 3084 lege
389 3034 442 3070 xrs.
455 3020 602 3070 tabularum
613 3020 646 3070 sb
658 3020 784 3070 intestato
795 3019 981 3082 succedebant,
991 3028 1066 3069 erent
1078 3021 1119 3068 vel
1128 3021 1179 3083 vui,
1187 3019 1229 3068 vel
1237 3015 1275 3067 isis

172 3101 366 3164 deficientibus,
377 3101 571 3165 consanguinei,
581 3101 600 3148 i.
616 3113 640 3148 e.
650 3097 746 3150 iratres
764 3107 792 3149 et
803 3113 905 3150 sorores
917 3101 1008 3148 eodem
1020 3106 1096 3163 patre
1108 3098 1239 3161 prognati,
1248 3106 1276 3149 et

173 3183 272 3246 t'retres
284 3183 423 3246 patrueles,
434 3197 480 3231 seu
492 3179 639 3230 consobrini
648 3195 657 3239 ;
667 3185 696 3228 et
713 3178 836 3244 denique,
848 3179 870 3228 si
882 3181 971 3242 agneti
984 3179 1009 3228 lsi
1021 3177 1154 3238 deessent,
1169 3177 1201 3225 ad
1214 3190 1277 3239 gen·

174 3264 234 3314 tiles
246 3263 434 3312 devolvebatur
445 3259 602 3312 heredites.'
635 3259 706 3314 Hac,
714 3260 780 3310 eden
793 3259 936 3310 vocabatur
947 3257 1117 3310 mansuetudo
1129 3264 1156 3305 ct
1168 3255 1277 3319 justitia

169 3344 250 3410 lagia,
259 3350 289 3393 ut
299 3341 497 3405 consanguineis
508 3349 537 3390 et
548 3340 659 3404 agnatis,
677 3339 790 3404 itemque
807 3340 958 3403 gentilibus,
975 3338 1007 3389 sd
1019 3351 1085 3403 qnos
1096 3351 1153 3387 cons
1166 3335 1278 3400 pecunia

171 3424 256 3480 etiam
274 3422 381 3472 familie
396 3436 470 3470 sacra
489 3420 647 3484 transibant,
666 3419 757 3482 adhaec
776 3419 925 3470 heredibus
946 3417 1085 3468 admodum
1108 3416 1277 3480 pauperibuvs

172 3503 277 3566 illibate
288 3511 315 3552 et
326 3503 444 3551 immonis
457 3517 471 3550 e
483 3499 606 3564 vicesima
616 3499 804 3550 concederetur
814 3499 962 3550 heredites.
991 3496 1116 3549 Attamen
1128 3497 1176 3548 bac
1187 3496 1277 3546 immu-

174 3584 259 3636 nitate
271 3589 334 3632 tunc
347 3586 448 3631 tentum
461 3586 563 3631 veteres
573 3579 644 3629 cives
656 3579 767 3629 Ronsani
779 3576 951 3644 fruebantur3
968 3593 1026 3630 cum
1038 3593 1052 3626 e
1064 3577 1195 3628 contrario
1206 3576 1277 3624 cives

176 3679 210 3716 aa
221 3663 363 3727 peregrinis
374 3661 476 3710 noviter
487 3658 562 3722 lecti,
570 3660 642 3724 iique
653 3661 693 3709 vol
707 3660 777 3708 Latii
784 3660 855 3724 jure,
865 3661 907 3710 vel
917 3655 1176 3722 principislsenelicio
1186 3655 1278 3704 civite·

176 3751 231 3794 tesn
248 3742 349 3805 adepti,
365 3741 467 3790 etiamsi
480 3737 607 3789 defuncto
618 3737 728 3786 luissent
746 3737 958 3801 conjunctissimi,
975 3735 1044 3784 hand
1055 3747 1130 3784 secus
1141 3740 1227 3782 tamen
1246 3747 1279 3784 sc

176 3822 295 3884 extranei
307 3820 424 3871 haeredes
435 3819 582 3869 vicesimam
595 3819 697 3866 solvere
707 3829 814 3866 neccsse
826 3815 981 3876 habuerint;
997 3813 1077 3863 nisisi
1089 3812 1202 3877 quicum
1215 3813 1277 3862 civi-

152 3925 154 3930 ·
175 3911 232 3956 tate
249 3901 330 3962 ‚simul
348 3900 508 3964 cognationis
524 3899 586 3962 jura
604 3899 797 3960 impetrassent.
831 3895 933 3948 Quodsi
959 3893 1027 3944 enim
1048 3891 1212 3956 peregrinus,
1236 3894 1278 3942 vel

175 3981 276 4045 Latium
286 3979 443 4031 conditionis
454 3980 538 4036 homo,
549 3977 682 4028 civitatem
695 3978 838 4028 Romanam
850 3975 1050 4038 adipisceretur,
1061 3971 1126 4022 exiit
1137 3984 1170 4019 ex
1182 3967 1279 4032 lentitia

175 4077 232 4136 pne,
243 4076 302 4125 quas
316 4060 344 4110 ivs
355 4058 553 4122 peregrinitate.
566 4058 608 4107 vel
620 4057 681 4120 jors
702 4057 774 4120 Latii,
784 4057 965 4121 permanebat,
983 4061 1011 4104 et
1031 4054 1108 4118 plane
1126 4050 1279 4116 perentibus

174 4149 256 4207 atque
268 4141 370 4205 agnatis
387 4144 527 4194 extraneos
543 4139 645 4192 babitus
655 4146 712 4201 est;
730 4138 799 4188 nude
819 4152 903 4203 neque
914 4135 1095 4188 hereditatem
1106 4132 1210 4182 illorum
1221 4145 1279 4182 cer-

83 4254 88 4260 ,
173 4236 239 4290 nere
256 4226 373 4288 poterat,
388 4231 473 4286 usqne
484 4218 616 4285 potestati
632 4219 726 4285 patrie
743 4223 802 4271 erat
813 4217 961 4283 subjectas,
977 4215 1033 4267 siva
1044 4211 1123 4271 lilios,
1137 4210 1191 4264 sive
1202 4219 1279 4278 pater
